{"trades": [{"id": 6160124152, "time": 1774643123285, "price": 65920.28, "qty": 8e-05, "side": "buy"}, {"id": 6160124153, "time": 1774643123285, "price": 65920.28, "qty": 8e-05, "side": "buy"}, {"id": 6160124154, "time": 1774643123285, "price": 65920.31, "qty": 8e-05, "side": "buy"}, {"id": 6160124155, "time": 1774643123285, "price": 65920.31, "qty": 8e-05, "side": "buy"}, {"id": 6160124156, "time": 1774643123285, "price": 65920.63, "qty": 8e-05, "side": "buy"}, {"id": 6160124157, "time": 1774643123285, "price": 65920.63, "qty": 8e-05, "side": "buy"}, {"id": 6160124158, "time": 1774643123285, "price": 65920.63, "qty": 8e-05, "side": "buy"}, {"id": 6160124159, "time": 1774643123285, "price": 65920.63, "qty": 8e-05, "side": "buy"}, {"id": 6160124160, "time": 1774643123285, "price": 65920.63, "qty": 8e-05, "side": "buy"}, {"id": 6160124161, "time": 1774643123285, "price": 65920.75, "qty": 8e-05, "side": "buy"}, {"id": 6160124162, "time": 1774643123285, "price": 65920.75, "qty": 8e-05, "side": "buy"}, {"id": 6160124163, "time": 1774643123285, "price": 65920.76, "qty": 8e-05, "side": "buy"}, {"id": 6160124164, "time": 1774643123285, "price": 65920.76, "qty": 8e-05, "side": "buy"}, {"id": 6160124165, "time": 1774643123285, "price": 65920.76, "qty": 8e-05, "side": "buy"}, {"id": 6160124166, "time": 1774643123285, "price": 65920.76, "qty": 8e-05, "side": "buy"}, {"id": 6160124167, "time": 1774643123285, "price": 65920.94, "qty": 8e-05, "side": "buy"}, {"id": 6160124168, "time": 1774643123285, "price": 65920.95, "qty": 1e-05, "side": "buy"}, {"id": 6160124169, "time": 1774643123297, "price": 65920.95, "qty": 7e-05, "side": "buy"}, {"id": 6160124170, "time": 1774643123297, "price": 65920.95, "qty": 8e-05, "side": "buy"}, {"id": 6160124171, "time": 1774643123297, "price": 65920.95, "qty": 8e-05, "side": "buy"}, {"id": 6160124172, "time": 1774643123297, "price": 65920.95, "qty": 8e-05, "side": "buy"}, {"id": 6160124173, "time": 1774643123297, "price": 65920.95, "qty": 8e-05, "side": "buy"}, {"id": 6160124174, "time": 1774643123297, "price": 65920.95, "qty": 8e-05, "side": "buy"}, {"id": 6160124175, "time": 1774643123297, "price": 65920.95, "qty": 8e-05, "side": "buy"}, {"id": 6160124176, "time": 1774643123297, "price": 65920.95, "qty": 8e-05, "side": "buy"}, {"id": 6160124177, "time": 1774643123297, "price": 65920.95, "qty": 8e-05, "side": "buy"}, {"id": 6160124178, "time": 1774643123297, "price": 65920.95, "qty": 8e-05, "side": "buy"}, {"id": 6160124179, "time": 1774643123297, "price": 65920.95, "qty": 8e-05, "side": "buy"}, {"id": 6160124180, "time": 1774643123297, "price": 65920.95, "qty": 3e-05, "side": "buy"}, {"id": 6160124181, "time": 1774643123355, "price": 65920.95, "qty": 0.0009, "side": "buy"}, {"id": 6160124182, "time": 1774643123371, "price": 65920.95, "qty": 8e-05, "side": "buy"}, {"id": 6160124183, "time": 1774643123371, "price": 65920.95, "qty": 8e-05, "side": "buy"}, {"id": 6160124184, "time": 1774643123371, "price": 65920.95, "qty": 8e-05, "side": "buy"}, {"id": 6160124185, "time": 1774643123371, "price": 65920.95, "qty": 8e-05, "side": "buy"}, {"id": 6160124186, "time": 1774643123371, "price": 65920.95, "qty": 8e-05, "side": "buy"}, {"id": 6160124187, "time": 1774643123371, "price": 65920.95, "qty": 8e-05, "side": "buy"}, {"id": 6160124188, "time": 1774643123371, "price": 65920.95, "qty": 0.00034, "side": "buy"}, {"id": 6160124189, "time": 1774643123371, "price": 65920.95, "qty": 8e-05, "side": "buy"}, {"id": 6160124190, "time": 1774643123907, "price": 65920.95, "qty": 7e-05, "side": "buy"}, {"id": 6160124191, "time": 1774643123907, "price": 65920.95, "qty": 8e-05, "side": "buy"}, {"id": 6160124192, "time": 1774643123907, "price": 65920.95, "qty": 0.00015, "side": "buy"}, {"id": 6160124193, "time": 1774643123907, "price": 65920.95, "qty": 8e-05, "side": "buy"}, {"id": 6160124194, "time": 1774643123907, "price": 65920.95, "qty": 8e-05, "side": "buy"}, {"id": 6160124195, "time": 1774643123907, "price": 65920.95, "qty": 8e-05, "side": "buy"}, {"id": 6160124196, "time": 1774643123907, "price": 65920.95, "qty": 8e-05, "side": "buy"}, {"id": 6160124197, "time": 1774643123907, "price": 65920.95, "qty": 8e-05, "side": "buy"}, {"id": 6160124198, "time": 1774643123907, "price": 65920.95, "qty": 8e-05, "side": "buy"}, {"id": 6160124199, "time": 1774643123907, "price": 65920.95, "qty": 8e-05, "side": "buy"}, {"id": 6160124200, "time": 1774643123907, "price": 65920.95, "qty": 8e-05, "side": "buy"}, {"id": 6160124201, "time": 1774643123907, "price": 65920.95, "qty": 8e-05, "side": "buy"}, {"id": 6160124202, "time": 1774643123907, "price": 65920.95, "qty": 0.00016, "side": "buy"}, {"id": 6160124203, "time": 1774643123907, "price": 65920.95, "qty": 0.00028, "side": "buy"}, {"id": 6160124204, "time": 1774643123907, "price": 65920.95, "qty": 0.00854, "side": "buy"}, {"id": 6160124205, "time": 1774643123908, "price": 65920.95, "qty": 0.01, "side": "buy"}, {"id": 6160124206, "time": 1774643124465, "price": 65920.95, "qty": 0.04496, "side": "buy"}, {"id": 6160124207, "time": 1774643124465, "price": 65920.95, "qty": 8e-05, "side": "buy"}, {"id": 6160124208, "time": 1774643124465, "price": 65920.95, "qty": 8e-05, "side": "buy"}, {"id": 6160124209, "time": 1774643124465, "price": 65920.95, "qty": 8e-05, "side": "buy"}, {"id": 6160124210, "time": 1774643124465, "price": 65920.95, "qty": 8e-05, "side": "buy"}, {"id": 6160124211, "time": 1774643124465, "price": 65920.95, "qty": 8e-05, "side": "buy"}, {"id": 6160124212, "time": 1774643124465, "price": 65920.95, "qty": 8e-05, "side": "buy"}, {"id": 6160124213, "time": 1774643124465, "price": 65920.95, "qty": 8e-05, "side": "buy"}, {"id": 6160124214, "time": 1774643124465, "price": 65920.95, "qty": 8e-05, "side": "buy"}, {"id": 6160124215, "time": 1774643124465, "price": 65920.95, "qty": 0.00015, "side": "buy"}, {"id": 6160124216, "time": 1774643124465, "price": 65920.95, "qty": 0.00015, "side": "buy"}, {"id": 6160124217, "time": 1774643124465, "price": 65920.95, "qty": 8e-05, "side": "buy"}, {"id": 6160124218, "time": 1774643124465, "price": 65920.95, "qty": 8e-05, "side": "buy"}, {"id": 6160124219, "time": 1774643124465, "price": 65920.95, "qty": 8e-05, "side": "buy"}, {"id": 6160124220, "time": 1774643124465, "price": 65920.95, "qty": 8e-05, "side": "buy"}, {"id": 6160124221, "time": 1774643124465, "price": 65920.95, "qty": 8e-05, "side": "buy"}, {"id": 6160124222, "time": 1774643124465, "price": 65920.95, "qty": 8e-05, "side": "buy"}, {"id": 6160124223, "time": 1774643124465, "price": 65920.95, "qty": 8e-05, "side": "buy"}, {"id": 6160124224, "time": 1774643124465, "price": 65920.95, "qty": 8e-05, "side": "buy"}, {"id": 6160124225, "time": 1774643124465, "price": 65920.95, "qty": 8e-05, "side": "buy"}, {"id": 6160124226, "time": 1774643124465, "price": 65920.95, "qty": 8e-05, "side": "buy"}, {"id": 6160124227, "time": 1774643124465, "price": 65920.95, "qty": 0.0033, "side": "buy"}, {"id": 6160124228, "time": 1774643124762, "price": 65920.94, "qty": 0.29105, "side": "sell"}, {"id": 6160124229, "time": 1774643124762, "price": 65920.94, "qty": 0.04525, "side": "sell"}, {"id": 6160124230, "time": 1774643125152, "price": 65920.95, "qty": 0.0025, "side": "buy"}, {"id": 6160124231, "time": 1774643125152, "price": 65920.95, "qty": 0.00023, "side": "buy"}, {"id": 6160124232, "time": 1774643125152, "price": 65920.95, "qty": 0.02904, "side": "buy"}, {"id": 6160124233, "time": 1774643126071, "price": 65920.95, "qty": 0.0012, "side": "buy"}, {"id": 6160124234, "time": 1774643127108, "price": 65920.94, "qty": 0.01297, "side": "sell"}, {"id": 6160124235, "time": 1774643127143, "price": 65920.95, "qty": 0.0543, "side": "buy"}, {"id": 6160124236, "time": 1774643127373, "price": 65920.95, "qty": 0.00127, "side": "buy"}, {"id": 6160124237, "time": 1774643127877, "price": 65920.94, "qty": 0.00586, "side": "sell"}, {"id": 6160124238, "time": 1774643128205, "price": 65920.94, "qty": 0.00782, "side": "sell"}, {"id": 6160124239, "time": 1774643129774, "price": 65920.95, "qty": 0.00107, "side": "buy"}, {"id": 6160124240, "time": 1774643130250, "price": 65920.95, "qty": 0.01091, "side": "buy"}, {"id": 6160124241, "time": 1774643130250, "price": 65920.95, "qty": 8e-05, "side": "buy"}, {"id": 6160124242, "time": 1774643130250, "price": 65920.95, "qty": 8e-05, "side": "buy"}, {"id": 6160124243, "time": 1774643130250, "price": 65920.95, "qty": 8e-05, "side": "buy"}, {"id": 6160124244, "time": 1774643130250, "price": 65920.95, "qty": 8e-05, "side": "buy"}, {"id": 6160124245, "time": 1774643130250, "price": 65920.95, "qty": 8e-05, "side": "buy"}, {"id": 6160124246, "time": 1774643130250, "price": 65920.95, "qty": 8e-05, "side": "buy"}, {"id": 6160124247, "time": 1774643130250, "price": 65920.95, "qty": 8e-05, "side": "buy"}, {"id": 6160124248, "time": 1774643130250, "price": 65920.95, "qty": 8e-05, "side": "buy"}, {"id": 6160124249, "time": 1774643130250, "price": 65920.95, "qty": 8e-05, "side": "buy"}, {"id": 6160124250, "time": 1774643130250, "price": 65920.95, "qty": 8e-05, "side": "buy"}, {"id": 6160124251, "time": 1774643130250, "price": 65920.95, "qty": 0.00015, "side": "buy"}, {"id": 6160124252, "time": 1774643130250, "price": 65920.95, "qty": 8e-05, "side": "buy"}, {"id": 6160124253, "time": 1774643130250, "price": 65920.95, "qty": 8e-05, "side": "buy"}, {"id": 6160124254, "time": 1774643130250, "price": 65920.95, "qty": 8e-05, "side": "buy"}, {"id": 6160124255, "time": 1774643130250, "price": 65920.95, "qty": 8e-05, "side": "buy"}, {"id": 6160124256, "time": 1774643130250, "price": 65920.95, "qty": 8e-05, "side": "buy"}, {"id": 6160124257, "time": 1774643130250, "price": 65920.95, "qty": 8e-05, "side": "buy"}, {"id": 6160124258, "time": 1774643130250, "price": 65920.95, "qty": 0.00015, "side": "buy"}, {"id": 6160124259, "time": 1774643130250, "price": 65920.95, "qty": 8e-05, "side": "buy"}, {"id": 6160124260, "time": 1774643130250, "price": 65920.95, "qty": 8e-05, "side": "buy"}, {"id": 6160124261, "time": 1774643130250, "price": 65920.95, "qty": 0.00015, "side": "buy"}, {"id": 6160124262, "time": 1774643130250, "price": 65920.95, "qty": 8e-05, "side": "buy"}, {"id": 6160124263, "time": 1774643130250, "price": 65920.95, "qty": 8e-05, "side": "buy"}, {"id": 6160124264, "time": 1774643130250, "price": 65920.95, "qty": 0.0229, "side": "buy"}, {"id": 6160124265, "time": 1774643130250, "price": 65920.95, "qty": 8e-05, "side": "buy"}, {"id": 6160124266, "time": 1774643130250, "price": 65920.95, "qty": 8e-05, "side": "buy"}, {"id": 6160124267, "time": 1774643130250, "price": 65920.95, "qty": 8e-05, "side": "buy"}, {"id": 6160124268, "time": 1774643130250, "price": 65920.95, "qty": 8e-05, "side": "buy"}, {"id": 6160124269, "time": 1774643130250, "price": 65920.96, "qty": 8e-05, "side": "buy"}, {"id": 6160124270, "time": 1774643130250, "price": 65920.96, "qty": 8e-05, "side": "buy"}, {"id": 6160124271, "time": 1774643130250, "price": 65920.96, "qty": 8e-05, "side": "buy"}, {"id": 6160124272, "time": 1774643130250, "price": 65920.96, "qty": 8e-05, "side": "buy"}, {"id": 6160124273, "time": 1774643130250, "price": 65920.96, "qty": 8e-05, "side": "buy"}, {"id": 6160124274, "time": 1774643130250, "price": 65920.96, "qty": 8e-05, "side": "buy"}, {"id": 6160124275, "time": 1774643130250, "price": 65920.96, "qty": 8e-05, "side": "buy"}, {"id": 6160124276, "time": 1774643130250, "price": 65920.96, "qty": 8e-05, "side": "buy"}, {"id": 6160124277, "time": 1774643130250, "price": 65920.96, "qty": 8e-05, "side": "buy"}, {"id": 6160124278, "time": 1774643130250, "price": 65920.96, "qty": 8e-05, "side": "buy"}, {"id": 6160124279, "time": 1774643130250, "price": 65920.99, "qty": 8e-05, "side": "buy"}, {"id": 6160124280, "time": 1774643130250, "price": 65921.0, "qty": 8e-05, "side": "buy"}, {"id": 6160124281, "time": 1774643130250, "price": 65921.0, "qty": 8e-05, "side": "buy"}, {"id": 6160124282, "time": 1774643130250, "price": 65921.62, "qty": 0.002, "side": "buy"}, {"id": 6160124283, "time": 1774643130250, "price": 65921.63, "qty": 8e-05, "side": "buy"}, {"id": 6160124284, "time": 1774643130250, "price": 65921.72, "qty": 8e-05, "side": "buy"}, {"id": 6160124285, "time": 1774643130444, "price": 65921.73, "qty": 0.00146, "side": "buy"}, {"id": 6160124286, "time": 1774643130792, "price": 65921.73, "qty": 0.00407, "side": "buy"}, {"id": 6160124287, "time": 1774643130846, "price": 65921.73, "qty": 0.03072, "side": "buy"}, {"id": 6160124288, "time": 1774643130971, "price": 65921.73, "qty": 0.001, "side": "buy"}, {"id": 6160124289, "time": 1774643130989, "price": 65921.73, "qty": 0.001, "side": "buy"}, {"id": 6160124290, "time": 1774643131006, "price": 65921.73, "qty": 0.0006, "side": "buy"}, {"id": 6160124291, "time": 1774643131035, "price": 65921.73, "qty": 0.00603, "side": "buy"}, {"id": 6160124292, "time": 1774643131081, "price": 65921.73, "qty": 0.00756, "side": "buy"}, {"id": 6160124293, "time": 1774643131083, "price": 65921.73, "qty": 0.02498, "side": "buy"}, {"id": 6160124294, "time": 1774643131083, "price": 65921.73, "qty": 0.42258, "side": "buy"}, {"id": 6160124295, "time": 1774643131083, "price": 65921.73, "qty": 8e-05, "side": "buy"}, {"id": 6160124296, "time": 1774643131083, "price": 65921.73, "qty": 8e-05, "side": "buy"}, {"id": 6160124297, "time": 1774643131083, "price": 65921.73, "qty": 8e-05, "side": "buy"}, {"id": 6160124298, "time": 1774643131083, "price": 65921.73, "qty": 8e-05, "side": "buy"}, {"id": 6160124299, "time": 1774643131083, "price": 65921.73, "qty": 8e-05, "side": "buy"}, {"id": 6160124300, "time": 1774643131083, "price": 65921.73, "qty": 8e-05, "side": "buy"}, {"id": 6160124301, "time": 1774643131083, "price": 65921.73, "qty": 0.00015, "side": "buy"}, {"id": 6160124302, "time": 1774643131083, "price": 65921.73, "qty": 8e-05, "side": "buy"}, {"id": 6160124303, "time": 1774643131083, "price": 65921.73, "qty": 8e-05, "side": "buy"}, {"id": 6160124304, "time": 1774643131083, "price": 65921.73, "qty": 8e-05, "side": "buy"}, {"id": 6160124305, "time": 1774643131083, "price": 65921.73, "qty": 8e-05, "side": "buy"}, {"id": 6160124306, "time": 1774643131083, "price": 65921.73, "qty": 8e-05, "side": "buy"}, {"id": 6160124307, "time": 1774643131083, "price": 65921.73, "qty": 8e-05, "side": "buy"}, {"id": 6160124308, "time": 1774643131083, "price": 65921.73, "qty": 8e-05, "side": "buy"}, {"id": 6160124309, "time": 1774643131083, "price": 65921.73, "qty": 0.00015, "side": "buy"}, {"id": 6160124310, "time": 1774643131083, "price": 65921.73, "qty": 8e-05, "side": "buy"}, {"id": 6160124311, "time": 1774643131083, "price": 65921.73, "qty": 0.0082, "side": "buy"}, {"id": 6160124312, "time": 1774643131083, "price": 65921.73, "qty": 0.00015, "side": "buy"}, {"id": 6160124313, "time": 1774643131083, "price": 65921.73, "qty": 0.00146, "side": "buy"}, {"id": 6160124314, "time": 1774643131083, "price": 65921.73, "qty": 8e-05, "side": "buy"}, {"id": 6160124315, "time": 1774643131083, "price": 65921.73, "qty": 0.03479, "side": "buy"}, {"id": 6160124316, "time": 1774643131083, "price": 65921.73, "qty": 8e-05, "side": "buy"}, {"id": 6160124317, "time": 1774643131083, "price": 65921.73, "qty": 8e-05, "side": "buy"}, {"id": 6160124318, "time": 1774643131083, "price": 65921.73, "qty": 8e-05, "side": "buy"}, {"id": 6160124319, "time": 1774643131083, "price": 65921.73, "qty": 8e-05, "side": "buy"}, {"id": 6160124320, "time": 1774643131083, "price": 65921.73, "qty": 8e-05, "side": "buy"}, {"id": 6160124321, "time": 1774643131083, "price": 65921.73, "qty": 8e-05, "side": "buy"}, {"id": 6160124322, "time": 1774643131083, "price": 65921.73, "qty": 8e-05, "side": "buy"}, {"id": 6160124323, "time": 1774643131083, "price": 65921.73, "qty": 8e-05, "side": "buy"}, {"id": 6160124324, "time": 1774643131083, "price": 65921.73, "qty": 8e-05, "side": "buy"}, {"id": 6160124325, "time": 1774643131083, "price": 65921.73, "qty": 8e-05, "side": "buy"}, {"id": 6160124326, "time": 1774643131083, "price": 65921.73, "qty": 8e-05, "side": "buy"}, {"id": 6160124327, "time": 1774643131083, "price": 65921.73, "qty": 8e-05, "side": "buy"}, {"id": 6160124328, "time": 1774643131083, "price": 65921.73, "qty": 8e-05, "side": "buy"}, {"id": 6160124329, "time": 1774643131083, "price": 65921.73, "qty": 8e-05, "side": "buy"}, {"id": 6160124330, "time": 1774643131083, "price": 65921.73, "qty": 8e-05, "side": "buy"}, {"id": 6160124331, "time": 1774643131083, "price": 65921.73, "qty": 8e-05, "side": "buy"}, {"id": 6160124332, "time": 1774643131083, "price": 65921.73, "qty": 8e-05, "side": "buy"}, {"id": 6160124333, "time": 1774643131083, "price": 65921.73, "qty": 8e-05, "side": "buy"}, {"id": 6160124334, "time": 1774643131083, "price": 65921.73, "qty": 8e-05, "side": "buy"}, {"id": 6160124335, "time": 1774643131083, "price": 65921.73, "qty": 8e-05, "side": "buy"}, {"id": 6160124336, "time": 1774643131083, "price": 65921.73, "qty": 8e-05, "side": "buy"}, {"id": 6160124337, "time": 1774643131083, "price": 65921.74, "qty": 8e-05, "side": "buy"}, {"id": 6160124338, "time": 1774643131083, "price": 65921.74, "qty": 8e-05, "side": "buy"}, {"id": 6160124339, "time": 1774643131083, "price": 65921.74, "qty": 8e-05, "side": "buy"}, {"id": 6160124340, "time": 1774643131083, "price": 65921.74, "qty": 8e-05, "side": "buy"}, {"id": 6160124341, "time": 1774643131083, "price": 65921.74, "qty": 8e-05, "side": "buy"}, {"id": 6160124342, "time": 1774643131083, "price": 65921.74, "qty": 8e-05, "side": "buy"}, {"id": 6160124343, "time": 1774643131083, "price": 65921.74, "qty": 8e-05, "side": "buy"}, {"id": 6160124344, "time": 1774643131083, "price": 65921.74, "qty": 8e-05, "side": "buy"}, {"id": 6160124345, "time": 1774643131083, "price": 65921.74, "qty": 8e-05, "side": "buy"}, {"id": 6160124346, "time": 1774643131083, "price": 65921.84, "qty": 8e-05, "side": "buy"}, {"id": 6160124347, "time": 1774643131083, "price": 65921.85, "qty": 8e-05, "side": "buy"}, {"id": 6160124348, "time": 1774643131083, "price": 65921.85, "qty": 8e-05, "side": "buy"}, {"id": 6160124349, "time": 1774643131083, "price": 65921.85, "qty": 8e-05, "side": "buy"}, {"id": 6160124350, "time": 1774643131083, "price": 65921.85, "qty": 8e-05, "side": "buy"}, {"id": 6160124351, "time": 1774643131083, "price": 65921.85, "qty": 8e-05, "side": "buy"}, {"id": 6160124352, "time": 1774643131083, "price": 65922.75, "qty": 8e-05, "side": "buy"}, {"id": 6160124353, "time": 1774643131083, "price": 65923.25, "qty": 0.003, "side": "buy"}, {"id": 6160124354, "time": 1774643131083, "price": 65923.5, "qty": 8e-05, "side": "buy"}, {"id": 6160124355, "time": 1774643131083, "price": 65923.6, "qty": 8e-05, "side": "buy"}, {"id": 6160124356, "time": 1774643131083, "price": 65923.91, "qty": 0.00079, "side": "buy"}, {"id": 6160124357, "time": 1774643131083, "price": 65923.91, "qty": 8e-05, "side": "buy"}, {"id": 6160124358, "time": 1774643131083, "price": 65923.92, "qty": 0.00502, "side": "buy"}, {"id": 6160124359, "time": 1774643131083, "price": 65923.92, "qty": 8e-05, "side": "buy"}, {"id": 6160124360, "time": 1774643131083, "price": 65923.92, "qty": 8e-05, "side": "buy"}, {"id": 6160124361, "time": 1774643131083, "price": 65924.22, "qty": 8e-05, "side": "buy"}, {"id": 6160124362, "time": 1774643131083, "price": 65924.23, "qty": 8e-05, "side": "buy"}, {"id": 6160124363, "time": 1774643131083, "price": 65924.23, "qty": 8e-05, "side": "buy"}, {"id": 6160124364, "time": 1774643131083, "price": 65924.3, "qty": 9e-05, "side": "buy"}, {"id": 6160124365, "time": 1774643131083, "price": 65924.4, "qty": 9e-05, "side": "buy"}, {"id": 6160124366, "time": 1774643131084, "price": 65924.73, "qty": 0.2016, "side": "buy"}, {"id": 6160124367, "time": 1774643131084, "price": 65924.73, "qty": 8e-05, "side": "buy"}, {"id": 6160124368, "time": 1774643131084, "price": 65924.73, "qty": 8e-05, "side": "buy"}, {"id": 6160124369, "time": 1774643131084, "price": 65925.74, "qty": 0.00151, "side": "buy"}, {"id": 6160124370, "time": 1774643131084, "price": 65925.74, "qty": 0.00151, "side": "buy"}, {"id": 6160124371, "time": 1774643131084, "price": 65925.97, "qty": 8e-05, "side": "buy"}, {"id": 6160124372, "time": 1774643131084, "price": 65925.97, "qty": 8e-05, "side": "buy"}, {"id": 6160124373, "time": 1774643131084, "price": 65926.27, "qty": 0.00076, "side": "buy"}, {"id": 6160124374, "time": 1774643131084, "price": 65926.85, "qty": 0.00016, "side": "buy"}, {"id": 6160124375, "time": 1774643131084, "price": 65927.05, "qty": 8e-05, "side": "buy"}, {"id": 6160124376, "time": 1774643131084, "price": 65927.14, "qty": 9e-05, "side": "buy"}, {"id": 6160124377, "time": 1774643131084, "price": 65927.3, "qty": 8e-05, "side": "buy"}, {"id": 6160124378, "time": 1774643131084, "price": 65927.31, "qty": 0.02, "side": "buy"}, {"id": 6160124379, "time": 1774643131084, "price": 65927.31, "qty": 8e-05, "side": "buy"}, {"id": 6160124380, "time": 1774643131084, "price": 65927.31, "qty": 8e-05, "side": "buy"}, {"id": 6160124381, "time": 1774643131084, "price": 65927.46, "qty": 8e-05, "side": "buy"}, {"id": 6160124382, "time": 1774643131084, "price": 65927.46, "qty": 8e-05, "side": "buy"}, {"id": 6160124383, "time": 1774643131084, "price": 65927.55, "qty": 8e-05, "side": "buy"}, {"id": 6160124384, "time": 1774643131084, "price": 65927.55, "qty": 8e-05, "side": "buy"}, {"id": 6160124385, "time": 1774643131084, "price": 65927.69, "qty": 8e-05, "side": "buy"}, {"id": 6160124386, "time": 1774643131084, "price": 65927.69, "qty": 8e-05, "side": "buy"}, {"id": 6160124387, "time": 1774643131084, "price": 65927.69, "qty": 8e-05, "side": "buy"}, {"id": 6160124388, "time": 1774643131084, "price": 65927.69, "qty": 8e-05, "side": "buy"}, {"id": 6160124389, "time": 1774643131084, "price": 65928.32, "qty": 0.00152, "side": "buy"}, {"id": 6160124390, "time": 1774643131084, "price": 65928.41, "qty": 0.00012, "side": "buy"}, {"id": 6160124391, "time": 1774643131084, "price": 65928.43, "qty": 8e-05, "side": "buy"}, {"id": 6160124392, "time": 1774643131084, "price": 65928.51, "qty": 0.00016, "side": "buy"}, {"id": 6160124393, "time": 1774643131084, "price": 65928.63, "qty": 8e-05, "side": "buy"}, {"id": 6160124394, "time": 1774643131084, "price": 65928.63, "qty": 8e-05, "side": "buy"}, {"id": 6160124395, "time": 1774643131084, "price": 65928.63, "qty": 8e-05, "side": "buy"}, {"id": 6160124396, "time": 1774643131084, "price": 65928.63, "qty": 8e-05, "side": "buy"}, {"id": 6160124397, "time": 1774643131084, "price": 65928.77, "qty": 8e-05, "side": "buy"}, {"id": 6160124398, "time": 1774643131084, "price": 65928.77, "qty": 8e-05, "side": "buy"}, {"id": 6160124399, "time": 1774643131084, "price": 65928.77, "qty": 8e-05, "side": "buy"}, {"id": 6160124400, "time": 1774643131084, "price": 65928.77, "qty": 8e-05, "side": "buy"}, {"id": 6160124401, "time": 1774643131084, "price": 65929.04, "qty": 0.01485, "side": "buy"}, {"id": 6160124402, "time": 1774643131084, "price": 65929.04, "qty": 8e-05, "side": "buy"}, {"id": 6160124403, "time": 1774643131084, "price": 65929.04, "qty": 8e-05, "side": "buy"}, {"id": 6160124404, "time": 1774643131089, "price": 65929.24, "qty": 9e-05, "side": "buy"}, {"id": 6160124405, "time": 1774643131089, "price": 65929.24, "qty": 8e-05, "side": "buy"}, {"id": 6160124406, "time": 1774643131089, "price": 65929.24, "qty": 8e-05, "side": "buy"}, {"id": 6160124407, "time": 1774643131089, "price": 65929.24, "qty": 8e-05, "side": "buy"}, {"id": 6160124408, "time": 1774643131089, "price": 65929.24, "qty": 8e-05, "side": "buy"}, {"id": 6160124409, "time": 1774643131089, "price": 65929.24, "qty": 8e-05, "side": "buy"}, {"id": 6160124410, "time": 1774643131089, "price": 65929.24, "qty": 8e-05, "side": "buy"}, {"id": 6160124411, "time": 1774643131089, "price": 65929.24, "qty": 8e-05, "side": "buy"}, {"id": 6160124412, "time": 1774643131089, "price": 65929.24, "qty": 8e-05, "side": "buy"}, {"id": 6160124413, "time": 1774643131089, "price": 65929.24, "qty": 8e-05, "side": "buy"}, {"id": 6160124414, "time": 1774643131089, "price": 65929.24, "qty": 8e-05, "side": "buy"}, {"id": 6160124415, "time": 1774643131089, "price": 65929.24, "qty": 8e-05, "side": "buy"}, {"id": 6160124416, "time": 1774643131089, "price": 65929.24, "qty": 8e-05, "side": "buy"}, {"id": 6160124417, "time": 1774643131089, "price": 65929.24, "qty": 8e-05, "side": "buy"}, {"id": 6160124418, "time": 1774643131089, "price": 65929.24, "qty": 8e-05, "side": "buy"}, {"id": 6160124419, "time": 1774643131089, "price": 65929.24, "qty": 0.00479, "side": "buy"}, {"id": 6160124420, "time": 1774643131619, "price": 65929.24, "qty": 8e-05, "side": "buy"}, {"id": 6160124421, "time": 1774643131619, "price": 65929.24, "qty": 8e-05, "side": "buy"}, {"id": 6160124422, "time": 1774643131619, "price": 65929.24, "qty": 8e-05, "side": "buy"}, {"id": 6160124423, "time": 1774643131619, "price": 65929.24, "qty": 8e-05, "side": "buy"}, {"id": 6160124424, "time": 1774643131619, "price": 65929.24, "qty": 8e-05, "side": "buy"}, {"id": 6160124425, "time": 1774643131619, "price": 65929.24, "qty": 8e-05, "side": "buy"}, {"id": 6160124426, "time": 1774643131619, "price": 65929.24, "qty": 0.00015, "side": "buy"}, {"id": 6160124427, "time": 1774643131619, "price": 65929.24, "qty": 8e-05, "side": "buy"}, {"id": 6160124428, "time": 1774643131619, "price": 65929.24, "qty": 8e-05, "side": "buy"}, {"id": 6160124429, "time": 1774643131619, "price": 65929.24, "qty": 0.00015, "side": "buy"}, {"id": 6160124430, "time": 1774643131619, "price": 65929.24, "qty": 8e-05, "side": "buy"}, {"id": 6160124431, "time": 1774643131619, "price": 65929.24, "qty": 8e-05, "side": "buy"}, {"id": 6160124432, "time": 1774643131619, "price": 65929.24, "qty": 8e-05, "side": "buy"}, {"id": 6160124433, "time": 1774643131619, "price": 65929.24, "qty": 8e-05, "side": "buy"}, {"id": 6160124434, "time": 1774643131619, "price": 65929.24, "qty": 8e-05, "side": "buy"}, {"id": 6160124435, "time": 1774643131619, "price": 65929.24, "qty": 8e-05, "side": "buy"}, {"id": 6160124436, "time": 1774643131619, "price": 65929.24, "qty": 8e-05, "side": "buy"}, {"id": 6160124437, "time": 1774643131619, "price": 65929.24, "qty": 8e-05, "side": "buy"}, {"id": 6160124438, "time": 1774643131619, "price": 65929.24, "qty": 8e-05, "side": "buy"}, {"id": 6160124439, "time": 1774643131619, "price": 65929.24, "qty": 8e-05, "side": "buy"}, {"id": 6160124440, "time": 1774643131619, "price": 65929.24, "qty": 0.00016, "side": "buy"}, {"id": 6160124441, "time": 1774643131619, "price": 65929.24, "qty": 8e-05, "side": "buy"}, {"id": 6160124442, "time": 1774643131619, "price": 65929.24, "qty": 8e-05, "side": "buy"}, {"id": 6160124443, "time": 1774643131619, "price": 65929.24, "qty": 8e-05, "side": "buy"}, {"id": 6160124444, "time": 1774643131619, "price": 65929.24, "qty": 8e-05, "side": "buy"}, {"id": 6160124445, "time": 1774643131619, "price": 65929.24, "qty": 8e-05, "side": "buy"}, {"id": 6160124446, "time": 1774643131619, "price": 65929.24, "qty": 8e-05, "side": "buy"}, {"id": 6160124447, "time": 1774643131619, "price": 65929.25, "qty": 8e-05, "side": "buy"}, {"id": 6160124448, "time": 1774643131619, "price": 65929.25, "qty": 8e-05, "side": "buy"}, {"id": 6160124449, "time": 1774643131619, "price": 65929.25, "qty": 8e-05, "side": "buy"}, {"id": 6160124450, "time": 1774643131619, "price": 65929.25, "qty": 8e-05, "side": "buy"}, {"id": 6160124451, "time": 1774643131619, "price": 65929.25, "qty": 8e-05, "side": "buy"}, {"id": 6160124452, "time": 1774643131619, "price": 65929.25, "qty": 8e-05, "side": "buy"}, {"id": 6160124453, "time": 1774643131619, "price": 65929.25, "qty": 8e-05, "side": "buy"}, {"id": 6160124454, "time": 1774643131619, "price": 65929.25, "qty": 8e-05, "side": "buy"}, {"id": 6160124455, "time": 1774643131619, "price": 65929.25, "qty": 8e-05, "side": "buy"}, {"id": 6160124456, "time": 1774643131619, "price": 65929.25, "qty": 8e-05, "side": "buy"}, {"id": 6160124457, "time": 1774643131619, "price": 65929.88, "qty": 9e-05, "side": "buy"}, {"id": 6160124458, "time": 1774643131619, "price": 65930.16, "qty": 8e-05, "side": "buy"}, {"id": 6160124459, "time": 1774643131619, "price": 65930.17, "qty": 0.01, "side": "buy"}, {"id": 6160124460, "time": 1774643131619, "price": 65930.17, "qty": 8e-05, "side": "buy"}, {"id": 6160124461, "time": 1774643131619, "price": 65930.17, "qty": 8e-05, "side": "buy"}, {"id": 6160124462, "time": 1774643131619, "price": 65930.18, "qty": 0.003, "side": "buy"}, {"id": 6160124463, "time": 1774643131619, "price": 65930.6, "qty": 8e-05, "side": "buy"}, {"id": 6160124464, "time": 1774643131619, "price": 65930.81, "qty": 8e-05, "side": "buy"}, {"id": 6160124465, "time": 1774643131619, "price": 65930.82, "qty": 8e-05, "side": "buy"}, {"id": 6160124466, "time": 1774643131701, "price": 65931.2, "qty": 0.00376, "side": "buy"}, {"id": 6160124467, "time": 1774643131701, "price": 65931.2, "qty": 8e-05, "side": "buy"}, {"id": 6160124468, "time": 1774643131701, "price": 65931.2, "qty": 8e-05, "side": "buy"}, {"id": 6160124469, "time": 1774643131701, "price": 65931.2, "qty": 8e-05, "side": "buy"}, {"id": 6160124470, "time": 1774643131701, "price": 65931.2, "qty": 8e-05, "side": "buy"}, {"id": 6160124471, "time": 1774643131701, "price": 65931.2, "qty": 8e-05, "side": "buy"}, {"id": 6160124472, "time": 1774643131701, "price": 65931.2, "qty": 8e-05, "side": "buy"}, {"id": 6160124473, "time": 1774643131701, "price": 65931.2, "qty": 8e-05, "side": "buy"}, {"id": 6160124474, "time": 1774643131701, "price": 65931.2, "qty": 8e-05, "side": "buy"}, {"id": 6160124475, "time": 1774643131701, "price": 65931.2, "qty": 8e-05, "side": "buy"}, {"id": 6160124476, "time": 1774643131701, "price": 65931.2, "qty": 8e-05, "side": "buy"}, {"id": 6160124477, "time": 1774643131701, "price": 65931.2, "qty": 8e-05, "side": "buy"}, {"id": 6160124478, "time": 1774643131701, "price": 65931.2, "qty": 0.00015, "side": "buy"}, {"id": 6160124479, "time": 1774643131701, "price": 65931.2, "qty": 8e-05, "side": "buy"}, {"id": 6160124480, "time": 1774643131701, "price": 65931.2, "qty": 8e-05, "side": "buy"}, {"id": 6160124481, "time": 1774643131701, "price": 65931.2, "qty": 8e-05, "side": "buy"}, {"id": 6160124482, "time": 1774643131701, "price": 65931.2, "qty": 8e-05, "side": "buy"}, {"id": 6160124483, "time": 1774643131701, "price": 65931.2, "qty": 8e-05, "side": "buy"}, {"id": 6160124484, "time": 1774643131701, "price": 65931.2, "qty": 8e-05, "side": "buy"}, {"id": 6160124485, "time": 1774643131701, "price": 65931.2, "qty": 8e-05, "side": "buy"}, {"id": 6160124486, "time": 1774643131701, "price": 65931.2, "qty": 8e-05, "side": "buy"}, {"id": 6160124487, "time": 1774643131701, "price": 65931.2, "qty": 8e-05, "side": "buy"}, {"id": 6160124488, "time": 1774643131701, "price": 65931.2, "qty": 8e-05, "side": "buy"}, {"id": 6160124489, "time": 1774643131701, "price": 65931.2, "qty": 8e-05, "side": "buy"}, {"id": 6160124490, "time": 1774643131701, "price": 65931.2, "qty": 0.00433, "side": "buy"}, {"id": 6160124491, "time": 1774643131708, "price": 65931.2, "qty": 8e-05, "side": "buy"}, {"id": 6160124492, "time": 1774643131708, "price": 65931.2, "qty": 8e-05, "side": "buy"}, {"id": 6160124493, "time": 1774643131708, "price": 65931.2, "qty": 8e-05, "side": "buy"}, {"id": 6160124494, "time": 1774643131708, "price": 65931.2, "qty": 8e-05, "side": "buy"}, {"id": 6160124495, "time": 1774643131708, "price": 65931.2, "qty": 8e-05, "side": "buy"}, {"id": 6160124496, "time": 1774643131708, "price": 65931.2, "qty": 8e-05, "side": "buy"}, {"id": 6160124497, "time": 1774643131708, "price": 65931.2, "qty": 8e-05, "side": "buy"}, {"id": 6160124498, "time": 1774643131708, "price": 65931.2, "qty": 0.00015, "side": "buy"}, {"id": 6160124499, "time": 1774643131708, "price": 65931.2, "qty": 8e-05, "side": "buy"}, {"id": 6160124500, "time": 1774643131708, "price": 65931.2, "qty": 8e-05, "side": "buy"}, {"id": 6160124501, "time": 1774643131708, "price": 65931.2, "qty": 8e-05, "side": "buy"}, {"id": 6160124502, "time": 1774643131708, "price": 65931.2, "qty": 8e-05, "side": "buy"}, {"id": 6160124503, "time": 1774643131708, "price": 65931.2, "qty": 8e-05, "side": "buy"}, {"id": 6160124504, "time": 1774643131708, "price": 65931.2, "qty": 8e-05, "side": "buy"}, {"id": 6160124505, "time": 1774643131708, "price": 65931.2, "qty": 8e-05, "side": "buy"}, {"id": 6160124506, "time": 1774643131708, "price": 65931.2, "qty": 8e-05, "side": "buy"}, {"id": 6160124507, "time": 1774643131708, "price": 65931.2, "qty": 8e-05, "side": "buy"}, {"id": 6160124508, "time": 1774643131708, "price": 65931.2, "qty": 8e-05, "side": "buy"}, {"id": 6160124509, "time": 1774643131708, "price": 65931.2, "qty": 8e-05, "side": "buy"}, {"id": 6160124510, "time": 1774643131708, "price": 65931.2, "qty": 8e-05, "side": "buy"}, {"id": 6160124511, "time": 1774643131708, "price": 65931.2, "qty": 8e-05, "side": "buy"}, {"id": 6160124512, "time": 1774643131708, "price": 65931.2, "qty": 8e-05, "side": "buy"}, {"id": 6160124513, "time": 1774643131708, "price": 65931.2, "qty": 8e-05, "side": "buy"}, {"id": 6160124514, "time": 1774643131708, "price": 65931.21, "qty": 8e-05, "side": "buy"}, {"id": 6160124515, "time": 1774643131708, "price": 65931.21, "qty": 8e-05, "side": "buy"}, {"id": 6160124516, "time": 1774643131708, "price": 65931.21, "qty": 8e-05, "side": "buy"}, {"id": 6160124517, "time": 1774643131708, "price": 65931.21, "qty": 8e-05, "side": "buy"}, {"id": 6160124518, "time": 1774643131708, "price": 65931.21, "qty": 8e-05, "side": "buy"}, {"id": 6160124519, "time": 1774643131708, "price": 65931.21, "qty": 8e-05, "side": "buy"}, {"id": 6160124520, "time": 1774643131708, "price": 65931.21, "qty": 8e-05, "side": "buy"}, {"id": 6160124521, "time": 1774643131708, "price": 65931.21, "qty": 8e-05, "side": "buy"}, {"id": 6160124522, "time": 1774643131708, "price": 65931.21, "qty": 8e-05, "side": "buy"}, {"id": 6160124523, "time": 1774643131708, "price": 65931.21, "qty": 8e-05, "side": "buy"}, {"id": 6160124524, "time": 1774643131710, "price": 65931.24, "qty": 8e-05, "side": "buy"}, {"id": 6160124525, "time": 1774643131710, "price": 65931.24, "qty": 8e-05, "side": "buy"}, {"id": 6160124526, "time": 1774643131710, "price": 65931.24, "qty": 8e-05, "side": "buy"}, {"id": 6160124527, "time": 1774643131710, "price": 65931.24, "qty": 8e-05, "side": "buy"}, {"id": 6160124528, "time": 1774643131710, "price": 65931.24, "qty": 8e-05, "side": "buy"}, {"id": 6160124529, "time": 1774643131710, "price": 65931.24, "qty": 8e-05, "side": "buy"}, {"id": 6160124530, "time": 1774643131710, "price": 65931.24, "qty": 8e-05, "side": "buy"}, {"id": 6160124531, "time": 1774643131710, "price": 65931.24, "qty": 8e-05, "side": "buy"}, {"id": 6160124532, "time": 1774643131710, "price": 65931.24, "qty": 8e-05, "side": "buy"}, {"id": 6160124533, "time": 1774643131710, "price": 65931.24, "qty": 8e-05, "side": "buy"}, {"id": 6160124534, "time": 1774643131710, "price": 65931.24, "qty": 0.00015, "side": "buy"}, {"id": 6160124535, "time": 1774643131710, "price": 65931.24, "qty": 8e-05, "side": "buy"}, {"id": 6160124536, "time": 1774643131710, "price": 65931.24, "qty": 8e-05, "side": "buy"}, {"id": 6160124537, "time": 1774643131710, "price": 65931.24, "qty": 8e-05, "side": "buy"}, {"id": 6160124538, "time": 1774643131710, "price": 65931.24, "qty": 8e-05, "side": "buy"}, {"id": 6160124539, "time": 1774643131710, "price": 65931.25, "qty": 0.02845, "side": "buy"}, {"id": 6160124540, "time": 1774643131710, "price": 65931.25, "qty": 8e-05, "side": "buy"}, {"id": 6160124541, "time": 1774643131710, "price": 65931.25, "qty": 8e-05, "side": "buy"}, {"id": 6160124542, "time": 1774643131712, "price": 65931.25, "qty": 8e-05, "side": "buy"}, {"id": 6160124543, "time": 1774643131712, "price": 65931.25, "qty": 8e-05, "side": "buy"}, {"id": 6160124544, "time": 1774643131712, "price": 65931.25, "qty": 8e-05, "side": "buy"}, {"id": 6160124545, "time": 1774643131712, "price": 65931.25, "qty": 8e-05, "side": "buy"}, {"id": 6160124546, "time": 1774643131712, "price": 65931.25, "qty": 8e-05, "side": "buy"}, {"id": 6160124547, "time": 1774643131712, "price": 65931.25, "qty": 8e-05, "side": "buy"}, {"id": 6160124548, "time": 1774643131712, "price": 65931.25, "qty": 8e-05, "side": "buy"}, {"id": 6160124549, "time": 1774643131712, "price": 65931.25, "qty": 8e-05, "side": "buy"}, {"id": 6160124550, "time": 1774643131712, "price": 65931.25, "qty": 8e-05, "side": "buy"}, {"id": 6160124551, "time": 1774643131712, "price": 65931.25, "qty": 8e-05, "side": "buy"}, {"id": 6160124552, "time": 1774643131712, "price": 65931.25, "qty": 8e-05, "side": "buy"}, {"id": 6160124553, "time": 1774643131712, "price": 65931.25, "qty": 8e-05, "side": "buy"}, {"id": 6160124554, "time": 1774643131712, "price": 65931.26, "qty": 8e-05, "side": "buy"}, {"id": 6160124555, "time": 1774643131712, "price": 65931.26, "qty": 8e-05, "side": "buy"}, {"id": 6160124556, "time": 1774643131712, "price": 65932.06, "qty": 8e-05, "side": "buy"}, {"id": 6160124557, "time": 1774643131712, "price": 65932.06, "qty": 8e-05, "side": "buy"}, {"id": 6160124558, "time": 1774643131712, "price": 65932.06, "qty": 8e-05, "side": "buy"}, {"id": 6160124559, "time": 1774643131712, "price": 65932.06, "qty": 8e-05, "side": "buy"}, {"id": 6160124560, "time": 1774643131712, "price": 65932.06, "qty": 8e-05, "side": "buy"}, {"id": 6160124561, "time": 1774643131712, "price": 65932.07, "qty": 8e-05, "side": "buy"}, {"id": 6160124562, "time": 1774643131712, "price": 65932.62, "qty": 9e-05, "side": "buy"}, {"id": 6160124563, "time": 1774643131765, "price": 65932.76, "qty": 8e-05, "side": "buy"}, {"id": 6160124564, "time": 1774643131765, "price": 65932.76, "qty": 8e-05, "side": "buy"}, {"id": 6160124565, "time": 1774643131765, "price": 65932.76, "qty": 8e-05, "side": "buy"}, {"id": 6160124566, "time": 1774643131765, "price": 65932.76, "qty": 8e-05, "side": "buy"}, {"id": 6160124567, "time": 1774643131765, "price": 65932.76, "qty": 8e-05, "side": "buy"}, {"id": 6160124568, "time": 1774643131765, "price": 65932.76, "qty": 8e-05, "side": "buy"}, {"id": 6160124569, "time": 1774643131765, "price": 65932.76, "qty": 8e-05, "side": "buy"}, {"id": 6160124570, "time": 1774643131765, "price": 65932.76, "qty": 8e-05, "side": "buy"}, {"id": 6160124571, "time": 1774643131765, "price": 65932.76, "qty": 8e-05, "side": "buy"}, {"id": 6160124572, "time": 1774643131765, "price": 65932.76, "qty": 8e-05, "side": "buy"}, {"id": 6160124573, "time": 1774643131765, "price": 65932.76, "qty": 8e-05, "side": "buy"}, {"id": 6160124574, "time": 1774643131765, "price": 65932.76, "qty": 8e-05, "side": "buy"}, {"id": 6160124575, "time": 1774643131765, "price": 65932.76, "qty": 0.00015, "side": "buy"}, {"id": 6160124576, "time": 1774643131765, "price": 65932.76, "qty": 8e-05, "side": "buy"}, {"id": 6160124577, "time": 1774643131765, "price": 65932.76, "qty": 8e-05, "side": "buy"}, {"id": 6160124578, "time": 1774643131765, "price": 65932.76, "qty": 8e-05, "side": "buy"}, {"id": 6160124579, "time": 1774643131765, "price": 65932.76, "qty": 8e-05, "side": "buy"}, {"id": 6160124580, "time": 1774643131765, "price": 65932.76, "qty": 8e-05, "side": "buy"}, {"id": 6160124581, "time": 1774643131765, "price": 65932.76, "qty": 8e-05, "side": "buy"}, {"id": 6160124582, "time": 1774643131765, "price": 65932.76, "qty": 8e-05, "side": "buy"}, {"id": 6160124583, "time": 1774643131765, "price": 65932.76, "qty": 8e-05, "side": "buy"}, {"id": 6160124584, "time": 1774643131765, "price": 65932.76, "qty": 8e-05, "side": "buy"}, {"id": 6160124585, "time": 1774643131765, "price": 65932.77, "qty": 8e-05, "side": "buy"}, {"id": 6160124586, "time": 1774643131765, "price": 65932.77, "qty": 8e-05, "side": "buy"}, {"id": 6160124587, "time": 1774643131765, "price": 65932.77, "qty": 8e-05, "side": "buy"}, {"id": 6160124588, "time": 1774643131765, "price": 65932.77, "qty": 8e-05, "side": "buy"}, {"id": 6160124589, "time": 1774643131765, "price": 65932.77, "qty": 8e-05, "side": "buy"}, {"id": 6160124590, "time": 1774643131765, "price": 65932.77, "qty": 8e-05, "side": "buy"}, {"id": 6160124591, "time": 1774643131765, "price": 65932.77, "qty": 8e-05, "side": "buy"}, {"id": 6160124592, "time": 1774643131765, "price": 65932.77, "qty": 8e-05, "side": "buy"}, {"id": 6160124593, "time": 1774643131765, "price": 65932.77, "qty": 8e-05, "side": "buy"}, {"id": 6160124594, "time": 1774643131765, "price": 65932.77, "qty": 8e-05, "side": "buy"}, {"id": 6160124595, "time": 1774643131765, "price": 65933.19, "qty": 8e-05, "side": "buy"}, {"id": 6160124596, "time": 1774643131765, "price": 65933.19, "qty": 0.00016, "side": "buy"}, {"id": 6160124597, "time": 1774643131765, "price": 65933.2, "qty": 0.00501, "side": "buy"}, {"id": 6160124598, "time": 1774643131765, "price": 65933.2, "qty": 8e-05, "side": "buy"}, {"id": 6160124599, "time": 1774643131765, "price": 65933.2, "qty": 8e-05, "side": "buy"}, {"id": 6160124600, "time": 1774643131765, "price": 65933.86, "qty": 0.003, "side": "buy"}, {"id": 6160124601, "time": 1774643131765, "price": 65934.15, "qty": 8e-05, "side": "buy"}, {"id": 6160124602, "time": 1774643131765, "price": 65934.18, "qty": 9e-05, "side": "buy"}, {"id": 6160124603, "time": 1774643131765, "price": 65934.58, "qty": 8e-05, "side": "buy"}, {"id": 6160124604, "time": 1774643131765, "price": 65934.58, "qty": 8e-05, "side": "buy"}, {"id": 6160124605, "time": 1774643131765, "price": 65934.58, "qty": 8e-05, "side": "buy"}, {"id": 6160124606, "time": 1774643131765, "price": 65934.58, "qty": 8e-05, "side": "buy"}, {"id": 6160124607, "time": 1774643131765, "price": 65934.58, "qty": 8e-05, "side": "buy"}, {"id": 6160124608, "time": 1774643131765, "price": 65934.82, "qty": 8e-05, "side": "buy"}, {"id": 6160124609, "time": 1774643131765, "price": 65934.83, "qty": 8e-05, "side": "buy"}, {"id": 6160124610, "time": 1774643131765, "price": 65934.83, "qty": 8e-05, "side": "buy"}, {"id": 6160124611, "time": 1774643131765, "price": 65935.01, "qty": 0.00012, "side": "buy"}, {"id": 6160124612, "time": 1774643131765, "price": 65935.07, "qty": 8e-05, "side": "buy"}, {"id": 6160124613, "time": 1774643132050, "price": 65935.08, "qty": 8e-05, "side": "buy"}, {"id": 6160124614, "time": 1774643132050, "price": 65935.08, "qty": 8e-05, "side": "buy"}, {"id": 6160124615, "time": 1774643132050, "price": 65935.08, "qty": 8e-05, "side": "buy"}, {"id": 6160124616, "time": 1774643132050, "price": 65935.08, "qty": 0.00015, "side": "buy"}, {"id": 6160124617, "time": 1774643132050, "price": 65935.08, "qty": 8e-05, "side": "buy"}, {"id": 6160124618, "time": 1774643132050, "price": 65935.08, "qty": 8e-05, "side": "buy"}, {"id": 6160124619, "time": 1774643132050, "price": 65935.08, "qty": 0.00021, "side": "buy"}, {"id": 6160124620, "time": 1774643132052, "price": 65935.08, "qty": 8e-05, "side": "buy"}, {"id": 6160124621, "time": 1774643132052, "price": 65935.08, "qty": 8e-05, "side": "buy"}, {"id": 6160124622, "time": 1774643132052, "price": 65935.08, "qty": 8e-05, "side": "buy"}, {"id": 6160124623, "time": 1774643132052, "price": 65935.08, "qty": 8e-05, "side": "buy"}, {"id": 6160124624, "time": 1774643132052, "price": 65935.08, "qty": 8e-05, "side": "buy"}, {"id": 6160124625, "time": 1774643132052, "price": 65935.08, "qty": 8e-05, "side": "buy"}, {"id": 6160124626, "time": 1774643132052, "price": 65935.08, "qty": 8e-05, "side": "buy"}, {"id": 6160124627, "time": 1774643132052, "price": 65935.08, "qty": 8e-05, "side": "buy"}, {"id": 6160124628, "time": 1774643132052, "price": 65935.08, "qty": 8e-05, "side": "buy"}, {"id": 6160124629, "time": 1774643132052, "price": 65935.08, "qty": 8e-05, "side": "buy"}, {"id": 6160124630, "time": 1774643132052, "price": 65935.08, "qty": 0.0015, "side": "buy"}, {"id": 6160124631, "time": 1774643132052, "price": 65935.08, "qty": 8e-05, "side": "buy"}, {"id": 6160124632, "time": 1774643132052, "price": 65935.08, "qty": 8e-05, "side": "buy"}, {"id": 6160124633, "time": 1774643132052, "price": 65935.08, "qty": 8e-05, "side": "buy"}, {"id": 6160124634, "time": 1774643132052, "price": 65935.08, "qty": 0.00015, "side": "buy"}, {"id": 6160124635, "time": 1774643132052, "price": 65935.08, "qty": 8e-05, "side": "buy"}, {"id": 6160124636, "time": 1774643132052, "price": 65935.08, "qty": 8e-05, "side": "buy"}, {"id": 6160124637, "time": 1774643132052, "price": 65935.08, "qty": 8e-05, "side": "buy"}, {"id": 6160124638, "time": 1774643132052, "price": 65935.08, "qty": 0.01, "side": "buy"}, {"id": 6160124639, "time": 1774643132052, "price": 65935.08, "qty": 8e-05, "side": "buy"}, {"id": 6160124640, "time": 1774643132052, "price": 65935.08, "qty": 8e-05, "side": "buy"}, {"id": 6160124641, "time": 1774643132052, "price": 65935.08, "qty": 8e-05, "side": "buy"}, {"id": 6160124642, "time": 1774643132052, "price": 65935.08, "qty": 8e-05, "side": "buy"}, {"id": 6160124643, "time": 1774643132052, "price": 65935.08, "qty": 8e-05, "side": "buy"}, {"id": 6160124644, "time": 1774643132052, "price": 65935.08, "qty": 8e-05, "side": "buy"}, {"id": 6160124645, "time": 1774643132052, "price": 65935.08, "qty": 8e-05, "side": "buy"}, {"id": 6160124646, "time": 1774643132052, "price": 65935.09, "qty": 8e-05, "side": "buy"}, {"id": 6160124647, "time": 1774643132052, "price": 65935.09, "qty": 8e-05, "side": "buy"}, {"id": 6160124648, "time": 1774643132052, "price": 65935.09, "qty": 8e-05, "side": "buy"}, {"id": 6160124649, "time": 1774643132052, "price": 65935.09, "qty": 8e-05, "side": "buy"}, {"id": 6160124650, "time": 1774643132052, "price": 65935.09, "qty": 8e-05, "side": "buy"}, {"id": 6160124651, "time": 1774643132052, "price": 65935.09, "qty": 8e-05, "side": "buy"}, {"id": 6160124652, "time": 1774643132052, "price": 65935.09, "qty": 8e-05, "side": "buy"}, {"id": 6160124653, "time": 1774643132052, "price": 65935.09, "qty": 8e-05, "side": "buy"}, {"id": 6160124654, "time": 1774643132052, "price": 65935.09, "qty": 8e-05, "side": "buy"}, {"id": 6160124655, "time": 1774643132052, "price": 65935.09, "qty": 8e-05, "side": "buy"}, {"id": 6160124656, "time": 1774643132052, "price": 65935.36, "qty": 9e-05, "side": "buy"}, {"id": 6160124657, "time": 1774643132052, "price": 65935.67, "qty": 8e-05, "side": "buy"}, {"id": 6160124658, "time": 1774643132052, "price": 65935.67, "qty": 8e-05, "side": "buy"}, {"id": 6160124659, "time": 1774643132052, "price": 65936.06, "qty": 8e-05, "side": "buy"}, {"id": 6160124660, "time": 1774643132052, "price": 65936.16, "qty": 0.00076, "side": "buy"}, {"id": 6160124661, "time": 1774643132052, "price": 65936.3, "qty": 8e-05, "side": "buy"}, {"id": 6160124662, "time": 1774643132052, "price": 65936.44, "qty": 0.00028, "side": "buy"}, {"id": 6160124663, "time": 1774643132052, "price": 65936.8, "qty": 8e-05, "side": "buy"}, {"id": 6160124664, "time": 1774643132052, "price": 65936.8, "qty": 8e-05, "side": "buy"}, {"id": 6160124665, "time": 1774643132052, "price": 65936.8, "qty": 8e-05, "side": "buy"}, {"id": 6160124666, "time": 1774643132052, "price": 65936.8, "qty": 8e-05, "side": "buy"}, {"id": 6160124667, "time": 1774643132052, "price": 65936.8, "qty": 8e-05, "side": "buy"}, {"id": 6160124668, "time": 1774643132052, "price": 65937.08, "qty": 8e-05, "side": "buy"}, {"id": 6160124669, "time": 1774643132052, "price": 65937.08, "qty": 8e-05, "side": "buy"}, {"id": 6160124670, "time": 1774643132052, "price": 65937.7, "qty": 8e-05, "side": "buy"}, {"id": 6160124671, "time": 1774643132052, "price": 65938.1, "qty": 9e-05, "side": "buy"}, {"id": 6160124672, "time": 1774643132052, "price": 65938.48, "qty": 0.003, "side": "buy"}, {"id": 6160124673, "time": 1774643132052, "price": 65938.48, "qty": 8e-05, "side": "buy"}, {"id": 6160124674, "time": 1774643132182, "price": 65938.49, "qty": 0.00376, "side": "buy"}, {"id": 6160124675, "time": 1774643132182, "price": 65938.49, "qty": 0.00251, "side": "buy"}, {"id": 6160124676, "time": 1774643132182, "price": 65938.49, "qty": 8e-05, "side": "buy"}, {"id": 6160124677, "time": 1774643132182, "price": 65938.49, "qty": 8e-05, "side": "buy"}, {"id": 6160124678, "time": 1774643132182, "price": 65938.49, "qty": 8e-05, "side": "buy"}, {"id": 6160124679, "time": 1774643132182, "price": 65938.49, "qty": 8e-05, "side": "buy"}, {"id": 6160124680, "time": 1774643132182, "price": 65938.49, "qty": 8e-05, "side": "buy"}, {"id": 6160124681, "time": 1774643132182, "price": 65938.49, "qty": 8e-05, "side": "buy"}, {"id": 6160124682, "time": 1774643132182, "price": 65938.49, "qty": 8e-05, "side": "buy"}, {"id": 6160124683, "time": 1774643132182, "price": 65938.49, "qty": 8e-05, "side": "buy"}, {"id": 6160124684, "time": 1774643132182, "price": 65938.49, "qty": 0.00067, "side": "buy"}, {"id": 6160124685, "time": 1774643132654, "price": 65938.49, "qty": 0.00827, "side": "buy"}, {"id": 6160124686, "time": 1774643132686, "price": 65938.48, "qty": 0.00301, "side": "sell"}, {"id": 6160124687, "time": 1774643132783, "price": 65938.48, "qty": 0.25073, "side": "sell"}, {"id": 6160124688, "time": 1774643132783, "price": 65938.48, "qty": 0.15011, "side": "sell"}, {"id": 6160124689, "time": 1774643132783, "price": 65938.48, "qty": 0.04908, "side": "sell"}, {"id": 6160124690, "time": 1774643132783, "price": 65938.48, "qty": 0.04901, "side": "sell"}, {"id": 6160124691, "time": 1774643132786, "price": 65938.48, "qty": 8e-05, "side": "sell"}, {"id": 6160124692, "time": 1774643132786, "price": 65938.48, "qty": 0.00015, "side": "sell"}, {"id": 6160124693, "time": 1774643132786, "price": 65938.48, "qty": 0.00015, "side": "sell"}, {"id": 6160124694, "time": 1774643132786, "price": 65938.48, "qty": 8e-05, "side": "sell"}, {"id": 6160124695, "time": 1774643132786, "price": 65938.48, "qty": 0.00048, "side": "sell"}, {"id": 6160124696, "time": 1774643132786, "price": 65938.48, "qty": 8e-05, "side": "sell"}, {"id": 6160124697, "time": 1774643132786, "price": 65938.48, "qty": 8e-05, "side": "sell"}, {"id": 6160124698, "time": 1774643132786, "price": 65938.48, "qty": 0.00017, "side": "sell"}, {"id": 6160124699, "time": 1774643132786, "price": 65938.48, "qty": 0.00247, "side": "sell"}, {"id": 6160124700, "time": 1774643132786, "price": 65938.48, "qty": 0.00161, "side": "sell"}, {"id": 6160124701, "time": 1774643132786, "price": 65938.48, "qty": 8e-05, "side": "sell"}, {"id": 6160124702, "time": 1774643132786, "price": 65938.48, "qty": 8e-05, "side": "sell"}, {"id": 6160124703, "time": 1774643132786, "price": 65938.48, "qty": 8e-05, "side": "sell"}, {"id": 6160124704, "time": 1774643132786, "price": 65938.48, "qty": 8e-05, "side": "sell"}, {"id": 6160124705, "time": 1774643132786, "price": 65938.48, "qty": 8e-05, "side": "sell"}, {"id": 6160124706, "time": 1774643132786, "price": 65938.48, "qty": 8e-05, "side": "sell"}, {"id": 6160124707, "time": 1774643132786, "price": 65938.48, "qty": 8e-05, "side": "sell"}, {"id": 6160124708, "time": 1774643132786, "price": 65938.48, "qty": 8e-05, "side": "sell"}, {"id": 6160124709, "time": 1774643132786, "price": 65938.48, "qty": 8e-05, "side": "sell"}, {"id": 6160124710, "time": 1774643132786, "price": 65938.48, "qty": 8e-05, "side": "sell"}, {"id": 6160124711, "time": 1774643132786, "price": 65938.48, "qty": 8e-05, "side": "sell"}, {"id": 6160124712, "time": 1774643132786, "price": 65938.48, "qty": 8e-05, "side": "sell"}, {"id": 6160124713, "time": 1774643132786, "price": 65938.48, "qty": 8e-05, "side": "sell"}, {"id": 6160124714, "time": 1774643132786, "price": 65938.47, "qty": 8e-05, "side": "sell"}, {"id": 6160124715, "time": 1774643132786, "price": 65938.47, "qty": 8e-05, "side": "sell"}, {"id": 6160124716, "time": 1774643132797, "price": 65937.7, "qty": 8e-05, "side": "sell"}, {"id": 6160124717, "time": 1774643132797, "price": 65937.7, "qty": 6e-05, "side": "sell"}, {"id": 6160124718, "time": 1774643132797, "price": 65937.7, "qty": 2e-05, "side": "sell"}, {"id": 6160124719, "time": 1774643132797, "price": 65937.7, "qty": 8e-05, "side": "sell"}, {"id": 6160124720, "time": 1774643132797, "price": 65937.7, "qty": 4e-05, "side": "sell"}, {"id": 6160124721, "time": 1774643132916, "price": 65937.7, "qty": 4e-05, "side": "sell"}, {"id": 6160124722, "time": 1774643132916, "price": 65937.7, "qty": 8e-05, "side": "sell"}, {"id": 6160124723, "time": 1774643132916, "price": 65937.7, "qty": 8e-05, "side": "sell"}, {"id": 6160124724, "time": 1774643132916, "price": 65937.7, "qty": 0.00015, "side": "sell"}, {"id": 6160124725, "time": 1774643132916, "price": 65937.7, "qty": 8e-05, "side": "sell"}, {"id": 6160124726, "time": 1774643132916, "price": 65937.7, "qty": 8e-05, "side": "sell"}, {"id": 6160124727, "time": 1774643132916, "price": 65937.7, "qty": 8e-05, "side": "sell"}, {"id": 6160124728, "time": 1774643132916, "price": 65937.7, "qty": 8e-05, "side": "sell"}, {"id": 6160124729, "time": 1774643132916, "price": 65937.7, "qty": 8e-05, "side": "sell"}, {"id": 6160124730, "time": 1774643132916, "price": 65937.7, "qty": 8e-05, "side": "sell"}, {"id": 6160124731, "time": 1774643132916, "price": 65937.7, "qty": 8e-05, "side": "sell"}, {"id": 6160124732, "time": 1774643132916, "price": 65937.7, "qty": 8e-05, "side": "sell"}, {"id": 6160124733, "time": 1774643132916, "price": 65937.69, "qty": 8e-05, "side": "sell"}, {"id": 6160124734, "time": 1774643132916, "price": 65937.69, "qty": 8e-05, "side": "sell"}, {"id": 6160124735, "time": 1774643132916, "price": 65937.39, "qty": 8e-05, "side": "sell"}, {"id": 6160124736, "time": 1774643132916, "price": 65935.14, "qty": 8e-05, "side": "sell"}, {"id": 6160124737, "time": 1774643132916, "price": 65935.13, "qty": 0.00567, "side": "sell"}, {"id": 6160124738, "time": 1774643132916, "price": 65935.13, "qty": 8e-05, "side": "sell"}, {"id": 6160124739, "time": 1774643132916, "price": 65935.13, "qty": 8e-05, "side": "sell"}, {"id": 6160124740, "time": 1774643132916, "price": 65935.08, "qty": 0.00098, "side": "sell"}, {"id": 6160124741, "time": 1774643132916, "price": 65935.08, "qty": 8e-05, "side": "sell"}, {"id": 6160124742, "time": 1774643133511, "price": 65935.07, "qty": 0.00015, "side": "sell"}, {"id": 6160124743, "time": 1774643133511, "price": 65935.07, "qty": 8e-05, "side": "sell"}, {"id": 6160124744, "time": 1774643133511, "price": 65935.07, "qty": 0.00075, "side": "sell"}, {"id": 6160124745, "time": 1774643133552, "price": 65935.07, "qty": 0.00097, "side": "sell"}, {"id": 6160124746, "time": 1774643133619, "price": 65935.07, "qty": 0.00374, "side": "sell"}, {"id": 6160124747, "time": 1774643133619, "price": 65935.07, "qty": 0.00454, "side": "sell"}, {"id": 6160124748, "time": 1774643133619, "price": 65935.07, "qty": 0.00257, "side": "sell"}, {"id": 6160124749, "time": 1774643133619, "price": 65935.07, "qty": 0.00261, "side": "sell"}, {"id": 6160124750, "time": 1774643133621, "price": 65935.07, "qty": 0.00031, "side": "sell"}, {"id": 6160124751, "time": 1774643133760, "price": 65935.08, "qty": 0.00042, "side": "buy"}, {"id": 6160124752, "time": 1774643133860, "price": 65935.07, "qty": 0.00015, "side": "sell"}, {"id": 6160124753, "time": 1774643133860, "price": 65935.07, "qty": 8e-05, "side": "sell"}, {"id": 6160124754, "time": 1774643133860, "price": 65935.07, "qty": 8e-05, "side": "sell"}, {"id": 6160124755, "time": 1774643133860, "price": 65935.07, "qty": 8e-05, "side": "sell"}, {"id": 6160124756, "time": 1774643133860, "price": 65935.07, "qty": 8e-05, "side": "sell"}, {"id": 6160124757, "time": 1774643133860, "price": 65935.07, "qty": 0.00015, "side": "sell"}, {"id": 6160124758, "time": 1774643133860, "price": 65935.07, "qty": 8e-05, "side": "sell"}, {"id": 6160124759, "time": 1774643133860, "price": 65935.07, "qty": 8e-05, "side": "sell"}, {"id": 6160124760, "time": 1774643133860, "price": 65935.07, "qty": 8e-05, "side": "sell"}, {"id": 6160124761, "time": 1774643133860, "price": 65935.07, "qty": 8e-05, "side": "sell"}, {"id": 6160124762, "time": 1774643133860, "price": 65935.07, "qty": 0.00016, "side": "sell"}, {"id": 6160124763, "time": 1774643133860, "price": 65935.07, "qty": 0.03926, "side": "sell"}, {"id": 6160124764, "time": 1774643133860, "price": 65935.07, "qty": 8e-05, "side": "sell"}, {"id": 6160124765, "time": 1774643133860, "price": 65935.07, "qty": 8e-05, "side": "sell"}, {"id": 6160124766, "time": 1774643133860, "price": 65935.07, "qty": 8e-05, "side": "sell"}, {"id": 6160124767, "time": 1774643133860, "price": 65935.07, "qty": 0.01, "side": "sell"}, {"id": 6160124768, "time": 1774643133860, "price": 65935.07, "qty": 8e-05, "side": "sell"}, {"id": 6160124769, "time": 1774643133860, "price": 65935.07, "qty": 8e-05, "side": "sell"}, {"id": 6160124770, "time": 1774643133860, "price": 65935.06, "qty": 8e-05, "side": "sell"}, {"id": 6160124771, "time": 1774643133860, "price": 65935.06, "qty": 8e-05, "side": "sell"}, {"id": 6160124772, "time": 1774643133866, "price": 65934.15, "qty": 0.00014, "side": "sell"}, {"id": 6160124773, "time": 1774643133866, "price": 65934.15, "qty": 1e-05, "side": "sell"}, {"id": 6160124774, "time": 1774643133866, "price": 65934.15, "qty": 8e-05, "side": "sell"}, {"id": 6160124775, "time": 1774643133866, "price": 65934.15, "qty": 5e-05, "side": "sell"}, {"id": 6160124776, "time": 1774643133900, "price": 65934.15, "qty": 3e-05, "side": "sell"}, {"id": 6160124777, "time": 1774643133900, "price": 65934.15, "qty": 8e-05, "side": "sell"}, {"id": 6160124778, "time": 1774643133900, "price": 65934.15, "qty": 8e-05, "side": "sell"}, {"id": 6160124779, "time": 1774643133900, "price": 65934.15, "qty": 8e-05, "side": "sell"}, {"id": 6160124780, "time": 1774643133900, "price": 65934.15, "qty": 8e-05, "side": "sell"}, {"id": 6160124781, "time": 1774643133900, "price": 65934.15, "qty": 8e-05, "side": "sell"}, {"id": 6160124782, "time": 1774643133900, "price": 65934.15, "qty": 8e-05, "side": "sell"}, {"id": 6160124783, "time": 1774643133900, "price": 65934.15, "qty": 8e-05, "side": "sell"}, {"id": 6160124784, "time": 1774643133900, "price": 65934.15, "qty": 8e-05, "side": "sell"}, {"id": 6160124785, "time": 1774643133900, "price": 65934.15, "qty": 8e-05, "side": "sell"}, {"id": 6160124786, "time": 1774643133900, "price": 65934.15, "qty": 8e-05, "side": "sell"}, {"id": 6160124787, "time": 1774643133902, "price": 65934.14, "qty": 8e-05, "side": "sell"}, {"id": 6160124788, "time": 1774643133902, "price": 65934.14, "qty": 6e-05, "side": "sell"}, {"id": 6160124789, "time": 1774643133902, "price": 65934.14, "qty": 2e-05, "side": "sell"}, {"id": 6160124790, "time": 1774643133902, "price": 65934.14, "qty": 8e-05, "side": "sell"}, {"id": 6160124791, "time": 1774643133902, "price": 65934.14, "qty": 4e-05, "side": "sell"}, {"id": 6160124792, "time": 1774643133903, "price": 65934.14, "qty": 8e-05, "side": "sell"}, {"id": 6160124793, "time": 1774643133903, "price": 65934.14, "qty": 8e-05, "side": "sell"}, {"id": 6160124794, "time": 1774643133903, "price": 65934.14, "qty": 8e-05, "side": "sell"}, {"id": 6160124795, "time": 1774643133903, "price": 65934.14, "qty": 8e-05, "side": "sell"}, {"id": 6160124796, "time": 1774643133903, "price": 65934.14, "qty": 7e-05, "side": "sell"}, {"id": 6160124797, "time": 1774643133904, "price": 65934.14, "qty": 1e-05, "side": "sell"}, {"id": 6160124798, "time": 1774643133904, "price": 65934.14, "qty": 8e-05, "side": "sell"}, {"id": 6160124799, "time": 1774643133904, "price": 65934.14, "qty": 8e-05, "side": "sell"}, {"id": 6160124800, "time": 1774643133905, "price": 65934.13, "qty": 8e-05, "side": "sell"}, {"id": 6160124801, "time": 1774643133905, "price": 65934.13, "qty": 8e-05, "side": "sell"}, {"id": 6160124802, "time": 1774643133905, "price": 65934.13, "qty": 8e-05, "side": "sell"}, {"id": 6160124803, "time": 1774643133905, "price": 65934.13, "qty": 8e-05, "side": "sell"}, {"id": 6160124804, "time": 1774643133905, "price": 65934.13, "qty": 8e-05, "side": "sell"}, {"id": 6160124805, "time": 1774643133910, "price": 65933.45, "qty": 8e-05, "side": "sell"}, {"id": 6160124806, "time": 1774643133910, "price": 65933.45, "qty": 8e-05, "side": "sell"}, {"id": 6160124807, "time": 1774643133910, "price": 65933.45, "qty": 8e-05, "side": "sell"}, {"id": 6160124808, "time": 1774643133910, "price": 65933.45, "qty": 8e-05, "side": "sell"}, {"id": 6160124809, "time": 1774643133910, "price": 65933.45, "qty": 8e-05, "side": "sell"}, {"id": 6160124810, "time": 1774643133910, "price": 65933.45, "qty": 8e-05, "side": "sell"}, {"id": 6160124811, "time": 1774643133910, "price": 65933.45, "qty": 8e-05, "side": "sell"}, {"id": 6160124812, "time": 1774643133910, "price": 65933.45, "qty": 7e-05, "side": "sell"}, {"id": 6160124813, "time": 1774643133913, "price": 65933.45, "qty": 8e-05, "side": "sell"}, {"id": 6160124814, "time": 1774643133913, "price": 65933.45, "qty": 8e-05, "side": "sell"}, {"id": 6160124815, "time": 1774643133913, "price": 65933.45, "qty": 8e-05, "side": "sell"}, {"id": 6160124816, "time": 1774643133913, "price": 65933.45, "qty": 8e-05, "side": "sell"}, {"id": 6160124817, "time": 1774643133913, "price": 65933.45, "qty": 8e-05, "side": "sell"}, {"id": 6160124818, "time": 1774643133913, "price": 65933.45, "qty": 8e-05, "side": "sell"}, {"id": 6160124819, "time": 1774643133916, "price": 65933.44, "qty": 8e-05, "side": "sell"}, {"id": 6160124820, "time": 1774643133916, "price": 65933.44, "qty": 8e-05, "side": "sell"}, {"id": 6160124821, "time": 1774643133916, "price": 65933.44, "qty": 8e-05, "side": "sell"}, {"id": 6160124822, "time": 1774643133916, "price": 65933.44, "qty": 8e-05, "side": "sell"}, {"id": 6160124823, "time": 1774643133916, "price": 65933.44, "qty": 8e-05, "side": "sell"}, {"id": 6160124824, "time": 1774643133918, "price": 65933.44, "qty": 8e-05, "side": "sell"}, {"id": 6160124825, "time": 1774643133918, "price": 65933.44, "qty": 8e-05, "side": "sell"}, {"id": 6160124826, "time": 1774643133918, "price": 65933.44, "qty": 8e-05, "side": "sell"}, {"id": 6160124827, "time": 1774643133918, "price": 65933.43, "qty": 8e-05, "side": "sell"}, {"id": 6160124828, "time": 1774643133918, "price": 65933.43, "qty": 8e-05, "side": "sell"}, {"id": 6160124829, "time": 1774643133918, "price": 65933.43, "qty": 8e-05, "side": "sell"}, {"id": 6160124830, "time": 1774643133918, "price": 65933.43, "qty": 8e-05, "side": "sell"}, {"id": 6160124831, "time": 1774643133918, "price": 65933.43, "qty": 8e-05, "side": "sell"}, {"id": 6160124832, "time": 1774643133920, "price": 65932.75, "qty": 8e-05, "side": "sell"}, {"id": 6160124833, "time": 1774643133920, "price": 65932.75, "qty": 8e-05, "side": "sell"}, {"id": 6160124834, "time": 1774643133920, "price": 65932.75, "qty": 8e-05, "side": "sell"}, {"id": 6160124835, "time": 1774643133920, "price": 65932.75, "qty": 8e-05, "side": "sell"}, {"id": 6160124836, "time": 1774643133920, "price": 65932.75, "qty": 8e-05, "side": "sell"}, {"id": 6160124837, "time": 1774643133920, "price": 65932.75, "qty": 8e-05, "side": "sell"}, {"id": 6160124838, "time": 1774643133920, "price": 65932.75, "qty": 8e-05, "side": "sell"}, {"id": 6160124839, "time": 1774643133920, "price": 65932.75, "qty": 8e-05, "side": "sell"}, {"id": 6160124840, "time": 1774643133920, "price": 65932.75, "qty": 8e-05, "side": "sell"}, {"id": 6160124841, "time": 1774643133920, "price": 65932.62, "qty": 9e-05, "side": "sell"}, {"id": 6160124842, "time": 1774643133920, "price": 65932.61, "qty": 4e-05, "side": "sell"}, {"id": 6160124843, "time": 1774643133922, "price": 65932.61, "qty": 4e-05, "side": "sell"}, {"id": 6160124844, "time": 1774643133922, "price": 65932.61, "qty": 8e-05, "side": "sell"}, {"id": 6160124845, "time": 1774643133922, "price": 65932.61, "qty": 8e-05, "side": "sell"}, {"id": 6160124846, "time": 1774643133922, "price": 65932.61, "qty": 8e-05, "side": "sell"}, {"id": 6160124847, "time": 1774643133922, "price": 65932.61, "qty": 8e-05, "side": "sell"}, {"id": 6160124848, "time": 1774643133922, "price": 65932.1, "qty": 0.00045, "side": "sell"}, {"id": 6160124849, "time": 1774643133923, "price": 65932.1, "qty": 0.0004, "side": "sell"}, {"id": 6160124850, "time": 1774643133923, "price": 65932.1, "qty": 8e-05, "side": "sell"}, {"id": 6160124851, "time": 1774643133923, "price": 65932.1, "qty": 8e-05, "side": "sell"}, {"id": 6160124852, "time": 1774643133923, "price": 65932.1, "qty": 8e-05, "side": "sell"}, {"id": 6160124853, "time": 1774643133923, "price": 65932.1, "qty": 8e-05, "side": "sell"}, {"id": 6160124854, "time": 1774643133923, "price": 65932.1, "qty": 8e-05, "side": "sell"}, {"id": 6160124855, "time": 1774643133923, "price": 65932.1, "qty": 5e-05, "side": "sell"}, {"id": 6160124856, "time": 1774643133925, "price": 65932.1, "qty": 3e-05, "side": "sell"}, {"id": 6160124857, "time": 1774643133925, "price": 65932.1, "qty": 8e-05, "side": "sell"}, {"id": 6160124858, "time": 1774643133925, "price": 65932.1, "qty": 8e-05, "side": "sell"}, {"id": 6160124859, "time": 1774643133925, "price": 65932.1, "qty": 8e-05, "side": "sell"}, {"id": 6160124860, "time": 1774643133925, "price": 65932.1, "qty": 8e-05, "side": "sell"}, {"id": 6160124861, "time": 1774643133925, "price": 65932.1, "qty": 8e-05, "side": "sell"}, {"id": 6160124862, "time": 1774643133925, "price": 65932.09, "qty": 8e-05, "side": "sell"}, {"id": 6160124863, "time": 1774643133925, "price": 65932.09, "qty": 8e-05, "side": "sell"}, {"id": 6160124864, "time": 1774643133925, "price": 65932.09, "qty": 8e-05, "side": "sell"}, {"id": 6160124865, "time": 1774643133925, "price": 65932.09, "qty": 8e-05, "side": "sell"}, {"id": 6160124866, "time": 1774643133925, "price": 65932.09, "qty": 8e-05, "side": "sell"}, {"id": 6160124867, "time": 1774643133928, "price": 65932.02, "qty": 8e-05, "side": "sell"}, {"id": 6160124868, "time": 1774643133928, "price": 65932.02, "qty": 8e-05, "side": "sell"}, {"id": 6160124869, "time": 1774643133928, "price": 65932.02, "qty": 8e-05, "side": "sell"}, {"id": 6160124870, "time": 1774643133928, "price": 65932.02, "qty": 8e-05, "side": "sell"}, {"id": 6160124871, "time": 1774643133928, "price": 65932.02, "qty": 8e-05, "side": "sell"}, {"id": 6160124872, "time": 1774643133928, "price": 65932.02, "qty": 8e-05, "side": "sell"}, {"id": 6160124873, "time": 1774643133928, "price": 65932.02, "qty": 7e-05, "side": "sell"}, {"id": 6160124874, "time": 1774643133929, "price": 65932.02, "qty": 1e-05, "side": "sell"}, {"id": 6160124875, "time": 1774643133929, "price": 65932.02, "qty": 8e-05, "side": "sell"}, {"id": 6160124876, "time": 1774643133929, "price": 65932.02, "qty": 8e-05, "side": "sell"}, {"id": 6160124877, "time": 1774643133929, "price": 65932.01, "qty": 8e-05, "side": "sell"}, {"id": 6160124878, "time": 1774643133929, "price": 65932.01, "qty": 8e-05, "side": "sell"}, {"id": 6160124879, "time": 1774643133929, "price": 65932.01, "qty": 8e-05, "side": "sell"}, {"id": 6160124880, "time": 1774643133929, "price": 65932.01, "qty": 8e-05, "side": "sell"}, {"id": 6160124881, "time": 1774643133929, "price": 65932.01, "qty": 8e-05, "side": "sell"}, {"id": 6160124882, "time": 1774643133930, "price": 65931.62, "qty": 0.00151, "side": "sell"}, {"id": 6160124883, "time": 1774643133930, "price": 65931.62, "qty": 0.00149, "side": "sell"}, {"id": 6160124884, "time": 1774643133930, "price": 65931.62, "qty": 2e-05, "side": "sell"}, {"id": 6160124885, "time": 1774643133932, "price": 65931.31, "qty": 0.00012, "side": "sell"}, {"id": 6160124886, "time": 1774643133932, "price": 65931.31, "qty": 8e-05, "side": "sell"}, {"id": 6160124887, "time": 1774643133932, "price": 65931.31, "qty": 8e-05, "side": "sell"}, {"id": 6160124888, "time": 1774643133932, "price": 65931.31, "qty": 8e-05, "side": "sell"}, {"id": 6160124889, "time": 1774643133932, "price": 65931.31, "qty": 8e-05, "side": "sell"}, {"id": 6160124890, "time": 1774643133932, "price": 65931.31, "qty": 8e-05, "side": "sell"}, {"id": 6160124891, "time": 1774643133932, "price": 65931.31, "qty": 8e-05, "side": "sell"}, {"id": 6160124892, "time": 1774643133932, "price": 65931.31, "qty": 8e-05, "side": "sell"}, {"id": 6160124893, "time": 1774643133932, "price": 65931.31, "qty": 8e-05, "side": "sell"}, {"id": 6160124894, "time": 1774643133932, "price": 65931.31, "qty": 8e-05, "side": "sell"}, {"id": 6160124895, "time": 1774643133932, "price": 65931.31, "qty": 8e-05, "side": "sell"}, {"id": 6160124896, "time": 1774643133933, "price": 65931.24, "qty": 8e-05, "side": "sell"}, {"id": 6160124897, "time": 1774643133933, "price": 65931.24, "qty": 8e-05, "side": "sell"}, {"id": 6160124898, "time": 1774643133933, "price": 65931.24, "qty": 8e-05, "side": "sell"}, {"id": 6160124899, "time": 1774643133933, "price": 65931.24, "qty": 8e-05, "side": "sell"}, {"id": 6160124900, "time": 1774643133933, "price": 65931.24, "qty": 8e-05, "side": "sell"}, {"id": 6160124901, "time": 1774643133933, "price": 65931.23, "qty": 8e-05, "side": "sell"}, {"id": 6160124902, "time": 1774643133933, "price": 65931.23, "qty": 8e-05, "side": "sell"}, {"id": 6160124903, "time": 1774643133933, "price": 65931.21, "qty": 0.00376, "side": "sell"}, {"id": 6160124904, "time": 1774643133933, "price": 65931.21, "qty": 8e-05, "side": "sell"}, {"id": 6160124905, "time": 1774643133933, "price": 65931.2, "qty": 8e-05, "side": "sell"}, {"id": 6160124906, "time": 1774643133933, "price": 65931.19, "qty": 8e-05, "side": "sell"}, {"id": 6160124907, "time": 1774643133933, "price": 65931.19, "qty": 8e-05, "side": "sell"}, {"id": 6160124908, "time": 1774643133933, "price": 65931.19, "qty": 8e-05, "side": "sell"}, {"id": 6160124909, "time": 1774643133933, "price": 65931.19, "qty": 8e-05, "side": "sell"}, {"id": 6160124910, "time": 1774643133933, "price": 65931.19, "qty": 8e-05, "side": "sell"}, {"id": 6160124911, "time": 1774643133933, "price": 65931.19, "qty": 8e-05, "side": "sell"}, {"id": 6160124912, "time": 1774643133934, "price": 65930.6, "qty": 8e-05, "side": "sell"}, {"id": 6160124913, "time": 1774643133934, "price": 65930.6, "qty": 8e-05, "side": "sell"}, {"id": 6160124914, "time": 1774643133941, "price": 65929.88, "qty": 9e-05, "side": "sell"}, {"id": 6160124915, "time": 1774643133941, "price": 65929.88, "qty": 8e-05, "side": "sell"}, {"id": 6160124916, "time": 1774643133941, "price": 65929.88, "qty": 8e-05, "side": "sell"}, {"id": 6160124917, "time": 1774643133941, "price": 65929.88, "qty": 8e-05, "side": "sell"}, {"id": 6160124918, "time": 1774643133941, "price": 65929.88, "qty": 8e-05, "side": "sell"}, {"id": 6160124919, "time": 1774643133941, "price": 65929.88, "qty": 8e-05, "side": "sell"}, {"id": 6160124920, "time": 1774643133941, "price": 65929.88, "qty": 8e-05, "side": "sell"}, {"id": 6160124921, "time": 1774643133941, "price": 65929.88, "qty": 8e-05, "side": "sell"}, {"id": 6160124922, "time": 1774643133941, "price": 65929.88, "qty": 8e-05, "side": "sell"}, {"id": 6160124923, "time": 1774643133941, "price": 65929.88, "qty": 8e-05, "side": "sell"}, {"id": 6160124924, "time": 1774643133941, "price": 65929.88, "qty": 8e-05, "side": "sell"}, {"id": 6160124925, "time": 1774643133941, "price": 65929.88, "qty": 8e-05, "side": "sell"}, {"id": 6160124926, "time": 1774643133941, "price": 65929.88, "qty": 8e-05, "side": "sell"}, {"id": 6160124927, "time": 1774643133941, "price": 65929.88, "qty": 8e-05, "side": "sell"}, {"id": 6160124928, "time": 1774643133941, "price": 65929.88, "qty": 8e-05, "side": "sell"}, {"id": 6160124929, "time": 1774643133941, "price": 65929.88, "qty": 7e-05, "side": "sell"}, {"id": 6160124930, "time": 1774643133943, "price": 65929.88, "qty": 8e-05, "side": "sell"}, {"id": 6160124931, "time": 1774643133943, "price": 65929.88, "qty": 8e-05, "side": "sell"}, {"id": 6160124932, "time": 1774643133943, "price": 65929.88, "qty": 8e-05, "side": "sell"}, {"id": 6160124933, "time": 1774643133943, "price": 65929.88, "qty": 8e-05, "side": "sell"}, {"id": 6160124934, "time": 1774643133943, "price": 65929.88, "qty": 8e-05, "side": "sell"}, {"id": 6160124935, "time": 1774643133943, "price": 65929.88, "qty": 8e-05, "side": "sell"}, {"id": 6160124936, "time": 1774643133943, "price": 65929.88, "qty": 8e-05, "side": "sell"}, {"id": 6160124937, "time": 1774643133943, "price": 65929.88, "qty": 8e-05, "side": "sell"}, {"id": 6160124938, "time": 1774643133943, "price": 65929.88, "qty": 8e-05, "side": "sell"}, {"id": 6160124939, "time": 1774643133943, "price": 65929.88, "qty": 8e-05, "side": "sell"}, {"id": 6160124940, "time": 1774643133943, "price": 65929.87, "qty": 8e-05, "side": "sell"}, {"id": 6160124941, "time": 1774643133943, "price": 65929.87, "qty": 8e-05, "side": "sell"}, {"id": 6160124942, "time": 1774643133943, "price": 65929.87, "qty": 8e-05, "side": "sell"}, {"id": 6160124943, "time": 1774643133943, "price": 65929.87, "qty": 8e-05, "side": "sell"}, {"id": 6160124944, "time": 1774643133943, "price": 65929.87, "qty": 8e-05, "side": "sell"}, {"id": 6160124945, "time": 1774643133943, "price": 65929.87, "qty": 8e-05, "side": "sell"}, {"id": 6160124946, "time": 1774643133943, "price": 65929.24, "qty": 0.0018, "side": "sell"}, {"id": 6160124947, "time": 1774643133944, "price": 65929.24, "qty": 0.0012, "side": "sell"}, {"id": 6160124948, "time": 1774643133944, "price": 65929.24, "qty": 8e-05, "side": "sell"}, {"id": 6160124949, "time": 1774643133944, "price": 65929.24, "qty": 8e-05, "side": "sell"}, {"id": 6160124950, "time": 1774643133944, "price": 65929.24, "qty": 8e-05, "side": "sell"}, {"id": 6160124951, "time": 1774643133944, "price": 65929.24, "qty": 8e-05, "side": "sell"}, {"id": 6160124952, "time": 1774643133944, "price": 65929.24, "qty": 8e-05, "side": "sell"}, {"id": 6160124953, "time": 1774643133944, "price": 65929.23, "qty": 0.00656, "side": "sell"}, {"id": 6160124954, "time": 1774643133945, "price": 65929.23, "qty": 0.00128, "side": "sell"}, {"id": 6160124955, "time": 1774643133949, "price": 65929.23, "qty": 0.00016, "side": "sell"}, {"id": 6160124956, "time": 1774643133949, "price": 65929.23, "qty": 8e-05, "side": "sell"}, {"id": 6160124957, "time": 1774643133949, "price": 65929.23, "qty": 8e-05, "side": "sell"}, {"id": 6160124958, "time": 1774643133949, "price": 65929.23, "qty": 8e-05, "side": "sell"}, {"id": 6160124959, "time": 1774643133949, "price": 65929.23, "qty": 8e-05, "side": "sell"}, {"id": 6160124960, "time": 1774643133949, "price": 65929.23, "qty": 8e-05, "side": "sell"}, {"id": 6160124961, "time": 1774643133949, "price": 65929.23, "qty": 8e-05, "side": "sell"}, {"id": 6160124962, "time": 1774643133949, "price": 65929.23, "qty": 8e-05, "side": "sell"}, {"id": 6160124963, "time": 1774643133949, "price": 65929.23, "qty": 8e-05, "side": "sell"}, {"id": 6160124964, "time": 1774643133949, "price": 65929.23, "qty": 8e-05, "side": "sell"}, {"id": 6160124965, "time": 1774643133949, "price": 65929.23, "qty": 8e-05, "side": "sell"}, {"id": 6160124966, "time": 1774643133949, "price": 65929.23, "qty": 8e-05, "side": "sell"}, {"id": 6160124967, "time": 1774643133949, "price": 65929.23, "qty": 8e-05, "side": "sell"}, {"id": 6160124968, "time": 1774643133949, "price": 65929.23, "qty": 8e-05, "side": "sell"}, {"id": 6160124969, "time": 1774643133949, "price": 65929.23, "qty": 8e-05, "side": "sell"}, {"id": 6160124970, "time": 1774643133950, "price": 65929.23, "qty": 8e-05, "side": "sell"}, {"id": 6160124971, "time": 1774643133950, "price": 65929.23, "qty": 8e-05, "side": "sell"}, {"id": 6160124972, "time": 1774643133950, "price": 65929.23, "qty": 8e-05, "side": "sell"}, {"id": 6160124973, "time": 1774643133950, "price": 65929.23, "qty": 8e-05, "side": "sell"}, {"id": 6160124974, "time": 1774643133950, "price": 65929.23, "qty": 8e-05, "side": "sell"}, {"id": 6160124975, "time": 1774643133950, "price": 65929.23, "qty": 8e-05, "side": "sell"}, {"id": 6160124976, "time": 1774643133950, "price": 65929.23, "qty": 8e-05, "side": "sell"}, {"id": 6160124977, "time": 1774643133950, "price": 65929.23, "qty": 8e-05, "side": "sell"}, {"id": 6160124978, "time": 1774643133952, "price": 65929.22, "qty": 8e-05, "side": "sell"}, {"id": 6160124979, "time": 1774643133952, "price": 65929.22, "qty": 8e-05, "side": "sell"}, {"id": 6160124980, "time": 1774643133952, "price": 65929.22, "qty": 8e-05, "side": "sell"}, {"id": 6160124981, "time": 1774643133952, "price": 65929.22, "qty": 8e-05, "side": "sell"}, {"id": 6160124982, "time": 1774643133952, "price": 65929.22, "qty": 8e-05, "side": "sell"}, {"id": 6160124983, "time": 1774643133952, "price": 65929.22, "qty": 8e-05, "side": "sell"}, {"id": 6160124984, "time": 1774643133953, "price": 65929.22, "qty": 8e-05, "side": "sell"}, {"id": 6160124985, "time": 1774643133953, "price": 65929.22, "qty": 8e-05, "side": "sell"}, {"id": 6160124986, "time": 1774643133953, "price": 65929.22, "qty": 8e-05, "side": "sell"}, {"id": 6160124987, "time": 1774643133953, "price": 65929.22, "qty": 8e-05, "side": "sell"}, {"id": 6160124988, "time": 1774643133953, "price": 65929.22, "qty": 8e-05, "side": "sell"}, {"id": 6160124989, "time": 1774643133953, "price": 65929.22, "qty": 8e-05, "side": "sell"}, {"id": 6160124990, "time": 1774643133953, "price": 65929.22, "qty": 8e-05, "side": "sell"}, {"id": 6160124991, "time": 1774643133953, "price": 65929.22, "qty": 8e-05, "side": "sell"}, {"id": 6160124992, "time": 1774643133969, "price": 65929.23, "qty": 0.00025, "side": "buy"}, {"id": 6160124993, "time": 1774643134002, "price": 65929.22, "qty": 8e-05, "side": "sell"}, {"id": 6160124994, "time": 1774643134002, "price": 65929.22, "qty": 8e-05, "side": "sell"}, {"id": 6160124995, "time": 1774643134002, "price": 65929.22, "qty": 8e-05, "side": "sell"}, {"id": 6160124996, "time": 1774643134002, "price": 65929.22, "qty": 8e-05, "side": "sell"}, {"id": 6160124997, "time": 1774643134002, "price": 65929.22, "qty": 8e-05, "side": "sell"}, {"id": 6160124998, "time": 1774643134002, "price": 65929.22, "qty": 0.00015, "side": "sell"}, {"id": 6160124999, "time": 1774643134002, "price": 65929.22, "qty": 8e-05, "side": "sell"}, {"id": 6160125000, "time": 1774643134002, "price": 65929.22, "qty": 8e-05, "side": "sell"}, {"id": 6160125001, "time": 1774643134002, "price": 65929.22, "qty": 8e-05, "side": "sell"}, {"id": 6160125002, "time": 1774643134002, "price": 65929.22, "qty": 8e-05, "side": "sell"}, {"id": 6160125003, "time": 1774643134002, "price": 65929.22, "qty": 8e-05, "side": "sell"}, {"id": 6160125004, "time": 1774643134002, "price": 65929.22, "qty": 8e-05, "side": "sell"}, {"id": 6160125005, "time": 1774643134002, "price": 65929.22, "qty": 8e-05, "side": "sell"}, {"id": 6160125006, "time": 1774643134002, "price": 65929.22, "qty": 8e-05, "side": "sell"}, {"id": 6160125007, "time": 1774643134002, "price": 65929.22, "qty": 8e-05, "side": "sell"}, {"id": 6160125008, "time": 1774643134002, "price": 65929.22, "qty": 8e-05, "side": "sell"}, {"id": 6160125009, "time": 1774643134002, "price": 65929.22, "qty": 8e-05, "side": "sell"}, {"id": 6160125010, "time": 1774643134002, "price": 65929.22, "qty": 8e-05, "side": "sell"}, {"id": 6160125011, "time": 1774643134002, "price": 65929.22, "qty": 8e-05, "side": "sell"}, {"id": 6160125012, "time": 1774643134002, "price": 65929.22, "qty": 8e-05, "side": "sell"}, {"id": 6160125013, "time": 1774643134002, "price": 65929.21, "qty": 8e-05, "side": "sell"}, {"id": 6160125014, "time": 1774643134002, "price": 65929.21, "qty": 8e-05, "side": "sell"}, {"id": 6160125015, "time": 1774643134002, "price": 65929.21, "qty": 8e-05, "side": "sell"}, {"id": 6160125016, "time": 1774643134002, "price": 65929.21, "qty": 8e-05, "side": "sell"}, {"id": 6160125017, "time": 1774643134002, "price": 65929.21, "qty": 8e-05, "side": "sell"}, {"id": 6160125018, "time": 1774643134002, "price": 65929.21, "qty": 8e-05, "side": "sell"}, {"id": 6160125019, "time": 1774643134002, "price": 65929.21, "qty": 8e-05, "side": "sell"}, {"id": 6160125020, "time": 1774643134002, "price": 65928.86, "qty": 8e-05, "side": "sell"}, {"id": 6160125021, "time": 1774643134002, "price": 65928.78, "qty": 0.00251, "side": "sell"}, {"id": 6160125022, "time": 1774643134002, "price": 65928.78, "qty": 8e-05, "side": "sell"}, {"id": 6160125023, "time": 1774643134002, "price": 65928.78, "qty": 8e-05, "side": "sell"}, {"id": 6160125024, "time": 1774643134002, "price": 65927.14, "qty": 9e-05, "side": "sell"}, {"id": 6160125025, "time": 1774643134002, "price": 65927.05, "qty": 8e-05, "side": "sell"}, {"id": 6160125026, "time": 1774643134002, "price": 65926.85, "qty": 0.00016, "side": "sell"}, {"id": 6160125027, "time": 1774643134002, "price": 65926.27, "qty": 0.00076, "side": "sell"}, {"id": 6160125028, "time": 1774643134002, "price": 65925.83, "qty": 0.003, "side": "sell"}, {"id": 6160125029, "time": 1774643134002, "price": 65924.73, "qty": 0.00012, "side": "sell"}, {"id": 6160125030, "time": 1774643134002, "price": 65924.3, "qty": 9e-05, "side": "sell"}, {"id": 6160125031, "time": 1774643134002, "price": 65923.97, "qty": 0.00031, "side": "sell"}, {"id": 6160125032, "time": 1774643134002, "price": 65923.94, "qty": 8e-05, "side": "sell"}, {"id": 6160125033, "time": 1774643134002, "price": 65923.93, "qty": 0.00501, "side": "sell"}, {"id": 6160125034, "time": 1774643134002, "price": 65923.93, "qty": 8e-05, "side": "sell"}, {"id": 6160125035, "time": 1774643134002, "price": 65923.93, "qty": 8e-05, "side": "sell"}, {"id": 6160125036, "time": 1774643134165, "price": 65923.92, "qty": 0.00376, "side": "sell"}, {"id": 6160125037, "time": 1774643134165, "price": 65923.92, "qty": 8e-05, "side": "sell"}, {"id": 6160125038, "time": 1774643134165, "price": 65923.92, "qty": 8e-05, "side": "sell"}, {"id": 6160125039, "time": 1774643134165, "price": 65923.92, "qty": 8e-05, "side": "sell"}, {"id": 6160125040, "time": 1774643134165, "price": 65923.92, "qty": 8e-05, "side": "sell"}, {"id": 6160125041, "time": 1774643134165, "price": 65923.92, "qty": 0.00015, "side": "sell"}, {"id": 6160125042, "time": 1774643134165, "price": 65923.92, "qty": 8e-05, "side": "sell"}, {"id": 6160125043, "time": 1774643134165, "price": 65923.92, "qty": 8e-05, "side": "sell"}, {"id": 6160125044, "time": 1774643134165, "price": 65923.92, "qty": 8e-05, "side": "sell"}, {"id": 6160125045, "time": 1774643134165, "price": 65923.92, "qty": 8e-05, "side": "sell"}, {"id": 6160125046, "time": 1774643134165, "price": 65923.92, "qty": 0.00015, "side": "sell"}, {"id": 6160125047, "time": 1774643134165, "price": 65923.92, "qty": 8e-05, "side": "sell"}, {"id": 6160125048, "time": 1774643134165, "price": 65923.92, "qty": 8e-05, "side": "sell"}, {"id": 6160125049, "time": 1774643134165, "price": 65923.92, "qty": 0.00016, "side": "sell"}, {"id": 6160125050, "time": 1774643134165, "price": 65923.92, "qty": 8e-05, "side": "sell"}, {"id": 6160125051, "time": 1774643134165, "price": 65923.92, "qty": 8e-05, "side": "sell"}, {"id": 6160125052, "time": 1774643134165, "price": 65923.92, "qty": 0.00457, "side": "sell"}, {"id": 6160125053, "time": 1774643134165, "price": 65923.92, "qty": 8e-05, "side": "sell"}, {"id": 6160125054, "time": 1774643134165, "price": 65923.92, "qty": 8e-05, "side": "sell"}, {"id": 6160125055, "time": 1774643134165, "price": 65923.91, "qty": 8e-05, "side": "sell"}, {"id": 6160125056, "time": 1774643134165, "price": 65923.91, "qty": 8e-05, "side": "sell"}, {"id": 6160125057, "time": 1774643134165, "price": 65923.91, "qty": 8e-05, "side": "sell"}, {"id": 6160125058, "time": 1774643134165, "price": 65923.91, "qty": 8e-05, "side": "sell"}, {"id": 6160125059, "time": 1774643134165, "price": 65923.51, "qty": 8e-05, "side": "sell"}, {"id": 6160125060, "time": 1774643134165, "price": 65923.5, "qty": 8e-05, "side": "sell"}, {"id": 6160125061, "time": 1774643134165, "price": 65921.66, "qty": 9e-05, "side": "sell"}, {"id": 6160125062, "time": 1774643134165, "price": 65921.55, "qty": 8e-05, "side": "sell"}, {"id": 6160125063, "time": 1774643134165, "price": 65920.94, "qty": 0.00021, "side": "sell"}, {"id": 6160125064, "time": 1774643134165, "price": 65920.91, "qty": 8e-05, "side": "sell"}, {"id": 6160125065, "time": 1774643134165, "price": 65920.9, "qty": 0.00127, "side": "sell"}, {"id": 6160125066, "time": 1774643134165, "price": 65920.9, "qty": 0.00102, "side": "sell"}, {"id": 6160125067, "time": 1774643134165, "price": 65920.9, "qty": 0.00113, "side": "sell"}, {"id": 6160125068, "time": 1774643134165, "price": 65920.9, "qty": 0.00128, "side": "sell"}, {"id": 6160125069, "time": 1774643134165, "price": 65920.9, "qty": 0.00092, "side": "sell"}, {"id": 6160125070, "time": 1774643134165, "price": 65920.9, "qty": 8e-05, "side": "sell"}, {"id": 6160125071, "time": 1774643134165, "price": 65920.9, "qty": 8e-05, "side": "sell"}, {"id": 6160125072, "time": 1774643134165, "price": 65920.31, "qty": 8e-05, "side": "sell"}, {"id": 6160125073, "time": 1774643134165, "price": 65920.31, "qty": 8e-05, "side": "sell"}, {"id": 6160125074, "time": 1774643134165, "price": 65920.06, "qty": 8e-05, "side": "sell"}, {"id": 6160125075, "time": 1774643134165, "price": 65920.06, "qty": 8e-05, "side": "sell"}, {"id": 6160125076, "time": 1774643134165, "price": 65920.06, "qty": 8e-05, "side": "sell"}, {"id": 6160125077, "time": 1774643134165, "price": 65920.06, "qty": 8e-05, "side": "sell"}, {"id": 6160125078, "time": 1774643134165, "price": 65920.06, "qty": 8e-05, "side": "sell"}, {"id": 6160125079, "time": 1774643134165, "price": 65919.95, "qty": 8e-05, "side": "sell"}, {"id": 6160125080, "time": 1774643134165, "price": 65919.36, "qty": 9e-05, "side": "sell"}, {"id": 6160125081, "time": 1774643134165, "price": 65918.84, "qty": 8e-05, "side": "sell"}, {"id": 6160125082, "time": 1774643134165, "price": 65918.83, "qty": 8e-05, "side": "sell"}, {"id": 6160125083, "time": 1774643134606, "price": 65918.82, "qty": 0.00091, "side": "sell"}, {"id": 6160125084, "time": 1774643134929, "price": 65918.82, "qty": 0.00354, "side": "sell"}, {"id": 6160125085, "time": 1774643134933, "price": 65918.82, "qty": 0.11252, "side": "sell"}, {"id": 6160125086, "time": 1774643134933, "price": 65918.82, "qty": 8e-05, "side": "sell"}, {"id": 6160125087, "time": 1774643134933, "price": 65918.82, "qty": 8e-05, "side": "sell"}, {"id": 6160125088, "time": 1774643134933, "price": 65918.82, "qty": 8e-05, "side": "sell"}, {"id": 6160125089, "time": 1774643134933, "price": 65918.82, "qty": 8e-05, "side": "sell"}, {"id": 6160125090, "time": 1774643134933, "price": 65918.82, "qty": 8e-05, "side": "sell"}, {"id": 6160125091, "time": 1774643134933, "price": 65918.82, "qty": 8e-05, "side": "sell"}, {"id": 6160125092, "time": 1774643134933, "price": 65918.82, "qty": 0.00015, "side": "sell"}, {"id": 6160125093, "time": 1774643134933, "price": 65918.82, "qty": 8e-05, "side": "sell"}, {"id": 6160125094, "time": 1774643134933, "price": 65918.82, "qty": 0.09534, "side": "sell"}, {"id": 6160125095, "time": 1774643134933, "price": 65918.82, "qty": 0.00015, "side": "sell"}, {"id": 6160125096, "time": 1774643134933, "price": 65918.82, "qty": 8e-05, "side": "sell"}, {"id": 6160125097, "time": 1774643134933, "price": 65918.82, "qty": 8e-05, "side": "sell"}, {"id": 6160125098, "time": 1774643134933, "price": 65918.82, "qty": 8e-05, "side": "sell"}, {"id": 6160125099, "time": 1774643134933, "price": 65918.82, "qty": 0.00016, "side": "sell"}, {"id": 6160125100, "time": 1774643134933, "price": 65918.82, "qty": 0.06967, "side": "sell"}, {"id": 6160125101, "time": 1774643134933, "price": 65918.82, "qty": 0.00015, "side": "sell"}, {"id": 6160125102, "time": 1774643134933, "price": 65918.82, "qty": 0.00015, "side": "sell"}, {"id": 6160125103, "time": 1774643134933, "price": 65918.82, "qty": 8e-05, "side": "sell"}, {"id": 6160125104, "time": 1774643134933, "price": 65918.82, "qty": 8e-05, "side": "sell"}, {"id": 6160125105, "time": 1774643134933, "price": 65918.82, "qty": 8e-05, "side": "sell"}, {"id": 6160125106, "time": 1774643134933, "price": 65918.82, "qty": 8e-05, "side": "sell"}, {"id": 6160125107, "time": 1774643134933, "price": 65918.82, "qty": 8e-05, "side": "sell"}, {"id": 6160125108, "time": 1774643134933, "price": 65918.82, "qty": 8e-05, "side": "sell"}, {"id": 6160125109, "time": 1774643134933, "price": 65918.82, "qty": 8e-05, "side": "sell"}, {"id": 6160125110, "time": 1774643134933, "price": 65918.81, "qty": 8e-05, "side": "sell"}, {"id": 6160125111, "time": 1774643134933, "price": 65918.81, "qty": 8e-05, "side": "sell"}, {"id": 6160125112, "time": 1774643134933, "price": 65918.81, "qty": 8e-05, "side": "sell"}, {"id": 6160125113, "time": 1774643134933, "price": 65918.81, "qty": 8e-05, "side": "sell"}, {"id": 6160125114, "time": 1774643134933, "price": 65918.53, "qty": 0.00151, "side": "sell"}, {"id": 6160125115, "time": 1774643134933, "price": 65918.53, "qty": 0.00151, "side": "sell"}, {"id": 6160125116, "time": 1774643134933, "price": 65916.63, "qty": 0.00079, "side": "sell"}, {"id": 6160125117, "time": 1774643134933, "price": 65916.4, "qty": 8e-05, "side": "sell"}, {"id": 6160125118, "time": 1774643134933, "price": 65916.38, "qty": 0.00076, "side": "sell"}, {"id": 6160125119, "time": 1774643134933, "price": 65916.28, "qty": 8e-05, "side": "sell"}, {"id": 6160125120, "time": 1774643134933, "price": 65916.18, "qty": 9e-05, "side": "sell"}, {"id": 6160125121, "time": 1774643134933, "price": 65915.91, "qty": 8e-05, "side": "sell"}, {"id": 6160125122, "time": 1774643134933, "price": 65915.91, "qty": 8e-05, "side": "sell"}, {"id": 6160125123, "time": 1774643134933, "price": 65915.29, "qty": 0.00015, "side": "sell"}, {"id": 6160125124, "time": 1774643134933, "price": 65915.15, "qty": 8e-05, "side": "sell"}, {"id": 6160125125, "time": 1774643134933, "price": 65915.14, "qty": 8e-05, "side": "sell"}, {"id": 6160125126, "time": 1774643134933, "price": 65915.14, "qty": 8e-05, "side": "sell"}, {"id": 6160125127, "time": 1774643134933, "price": 65915.14, "qty": 8e-05, "side": "sell"}, {"id": 6160125128, "time": 1774643134933, "price": 65915.14, "qty": 8e-05, "side": "sell"}, {"id": 6160125129, "time": 1774643134933, "price": 65915.14, "qty": 8e-05, "side": "sell"}, {"id": 6160125130, "time": 1774643134933, "price": 65915.14, "qty": 8e-05, "side": "sell"}, {"id": 6160125131, "time": 1774643134933, "price": 65915.14, "qty": 8e-05, "side": "sell"}, {"id": 6160125132, "time": 1774643134933, "price": 65915.14, "qty": 8e-05, "side": "sell"}, {"id": 6160125133, "time": 1774643134933, "price": 65915.14, "qty": 8e-05, "side": "sell"}, {"id": 6160125134, "time": 1774643134933, "price": 65915.14, "qty": 8e-05, "side": "sell"}, {"id": 6160125135, "time": 1774643134933, "price": 65914.68, "qty": 8e-05, "side": "sell"}, {"id": 6160125136, "time": 1774643134933, "price": 65914.67, "qty": 8e-05, "side": "sell"}, {"id": 6160125137, "time": 1774643134933, "price": 65914.66, "qty": 0.00502, "side": "sell"}, {"id": 6160125138, "time": 1774643134933, "price": 65914.66, "qty": 8e-05, "side": "sell"}, {"id": 6160125139, "time": 1774643134933, "price": 65914.66, "qty": 8e-05, "side": "sell"}, {"id": 6160125140, "time": 1774643134933, "price": 65914.42, "qty": 9e-05, "side": "sell"}, {"id": 6160125141, "time": 1774643134933, "price": 65914.2, "qty": 0.003, "side": "sell"}, {"id": 6160125142, "time": 1774643134933, "price": 65913.94, "qty": 8e-05, "side": "sell"}, {"id": 6160125143, "time": 1774643134933, "price": 65913.76, "qty": 0.00015, "side": "sell"}, {"id": 6160125144, "time": 1774643134933, "price": 65913.72, "qty": 8e-05, "side": "sell"}, {"id": 6160125145, "time": 1774643134933, "price": 65913.71, "qty": 0.00018, "side": "sell"}, {"id": 6160125146, "time": 1774643134933, "price": 65913.71, "qty": 0.051, "side": "sell"}, {"id": 6160125147, "time": 1774643135170, "price": 65913.71, "qty": 8e-05, "side": "sell"}, {"id": 6160125148, "time": 1774643135170, "price": 65913.71, "qty": 8e-05, "side": "sell"}, {"id": 6160125149, "time": 1774643135170, "price": 65913.71, "qty": 8e-05, "side": "sell"}, {"id": 6160125150, "time": 1774643135334, "price": 65913.71, "qty": 0.00057, "side": "sell"}, {"id": 6160125151, "time": 1774643135730, "price": 65913.71, "qty": 0.00121, "side": "sell"}, {"id": 6160125152, "time": 1774643136485, "price": 65913.72, "qty": 0.14532, "side": "buy"}, {"id": 6160125153, "time": 1774643136485, "price": 65913.72, "qty": 0.05368, "side": "buy"}, {"id": 6160125154, "time": 1774643136485, "price": 65913.72, "qty": 0.03246, "side": "buy"}, {"id": 6160125155, "time": 1774643136485, "price": 65913.72, "qty": 8e-05, "side": "buy"}, {"id": 6160125156, "time": 1774643136485, "price": 65913.72, "qty": 0.00015, "side": "buy"}, {"id": 6160125157, "time": 1774643136485, "price": 65913.72, "qty": 8e-05, "side": "buy"}, {"id": 6160125158, "time": 1774643136485, "price": 65913.72, "qty": 8e-05, "side": "buy"}, {"id": 6160125159, "time": 1774643136485, "price": 65913.72, "qty": 8e-05, "side": "buy"}, {"id": 6160125160, "time": 1774643136485, "price": 65913.72, "qty": 8e-05, "side": "buy"}, {"id": 6160125161, "time": 1774643136485, "price": 65913.72, "qty": 8e-05, "side": "buy"}, {"id": 6160125162, "time": 1774643136485, "price": 65913.72, "qty": 8e-05, "side": "buy"}, {"id": 6160125163, "time": 1774643136485, "price": 65913.72, "qty": 8e-05, "side": "buy"}, {"id": 6160125164, "time": 1774643136485, "price": 65913.72, "qty": 8e-05, "side": "buy"}, {"id": 6160125165, "time": 1774643136485, "price": 65913.72, "qty": 8e-05, "side": "buy"}, {"id": 6160125166, "time": 1774643136485, "price": 65913.72, "qty": 8e-05, "side": "buy"}, {"id": 6160125167, "time": 1774643136485, "price": 65913.72, "qty": 8e-05, "side": "buy"}, {"id": 6160125168, "time": 1774643136485, "price": 65913.72, "qty": 8e-05, "side": "buy"}, {"id": 6160125169, "time": 1774643136485, "price": 65913.72, "qty": 8e-05, "side": "buy"}, {"id": 6160125170, "time": 1774643136485, "price": 65913.72, "qty": 8e-05, "side": "buy"}, {"id": 6160125171, "time": 1774643136485, "price": 65913.72, "qty": 8e-05, "side": "buy"}, {"id": 6160125172, "time": 1774643136485, "price": 65913.72, "qty": 8e-05, "side": "buy"}, {"id": 6160125173, "time": 1774643136485, "price": 65913.72, "qty": 8e-05, "side": "buy"}, {"id": 6160125174, "time": 1774643136485, "price": 65913.72, "qty": 8e-05, "side": "buy"}, {"id": 6160125175, "time": 1774643136485, "price": 65913.72, "qty": 8e-05, "side": "buy"}, {"id": 6160125176, "time": 1774643136485, "price": 65913.72, "qty": 8e-05, "side": "buy"}, {"id": 6160125177, "time": 1774643136485, "price": 65913.72, "qty": 8e-05, "side": "buy"}, {"id": 6160125178, "time": 1774643136485, "price": 65913.72, "qty": 8e-05, "side": "buy"}, {"id": 6160125179, "time": 1774643136485, "price": 65913.72, "qty": 8e-05, "side": "buy"}, {"id": 6160125180, "time": 1774643136485, "price": 65913.72, "qty": 8e-05, "side": "buy"}, {"id": 6160125181, "time": 1774643136485, "price": 65913.72, "qty": 8e-05, "side": "buy"}, {"id": 6160125182, "time": 1774643136485, "price": 65913.72, "qty": 8e-05, "side": "buy"}, {"id": 6160125183, "time": 1774643136485, "price": 65913.72, "qty": 8e-05, "side": "buy"}, {"id": 6160125184, "time": 1774643136485, "price": 65913.72, "qty": 8e-05, "side": "buy"}, {"id": 6160125185, "time": 1774643136485, "price": 65913.73, "qty": 8e-05, "side": "buy"}, {"id": 6160125186, "time": 1774643136485, "price": 65913.73, "qty": 8e-05, "side": "buy"}, {"id": 6160125187, "time": 1774643136487, "price": 65914.66, "qty": 0.00016, "side": "buy"}, {"id": 6160125188, "time": 1774643136487, "price": 65914.67, "qty": 8e-05, "side": "buy"}, {"id": 6160125189, "time": 1774643136487, "price": 65914.67, "qty": 8e-05, "side": "buy"}, {"id": 6160125190, "time": 1774643136487, "price": 65914.68, "qty": 8e-05, "side": "buy"}, {"id": 6160125191, "time": 1774643136487, "price": 65914.69, "qty": 0.01485, "side": "buy"}, {"id": 6160125192, "time": 1774643136487, "price": 65914.69, "qty": 8e-05, "side": "buy"}, {"id": 6160125193, "time": 1774643136487, "price": 65914.69, "qty": 8e-05, "side": "buy"}, {"id": 6160125194, "time": 1774643136487, "price": 65915.15, "qty": 8e-05, "side": "buy"}, {"id": 6160125195, "time": 1774643136487, "price": 65915.15, "qty": 8e-05, "side": "buy"}, {"id": 6160125196, "time": 1774643136487, "price": 65915.43, "qty": 8e-05, "side": "buy"}, {"id": 6160125197, "time": 1774643136487, "price": 65915.44, "qty": 0.3546, "side": "buy"}, {"id": 6160125198, "time": 1774643136488, "price": 65915.44, "qty": 0.1454, "side": "buy"}, {"id": 6160125199, "time": 1774643136488, "price": 65915.44, "qty": 8e-05, "side": "buy"}, {"id": 6160125200, "time": 1774643136488, "price": 65915.44, "qty": 8e-05, "side": "buy"}, {"id": 6160125201, "time": 1774643136488, "price": 65915.44, "qty": 8e-05, "side": "buy"}, {"id": 6160125202, "time": 1774643136488, "price": 65915.44, "qty": 8e-05, "side": "buy"}, {"id": 6160125203, "time": 1774643136488, "price": 65915.44, "qty": 8e-05, "side": "buy"}, {"id": 6160125204, "time": 1774643136488, "price": 65915.44, "qty": 8e-05, "side": "buy"}, {"id": 6160125205, "time": 1774643136488, "price": 65915.44, "qty": 8e-05, "side": "buy"}, {"id": 6160125206, "time": 1774643136488, "price": 65915.44, "qty": 8e-05, "side": "buy"}, {"id": 6160125207, "time": 1774643136488, "price": 65915.44, "qty": 8e-05, "side": "buy"}, {"id": 6160125208, "time": 1774643136488, "price": 65915.44, "qty": 8e-05, "side": "buy"}, {"id": 6160125209, "time": 1774643136488, "price": 65915.44, "qty": 8e-05, "side": "buy"}, {"id": 6160125210, "time": 1774643136488, "price": 65915.44, "qty": 8e-05, "side": "buy"}, {"id": 6160125211, "time": 1774643136488, "price": 65915.44, "qty": 8e-05, "side": "buy"}, {"id": 6160125212, "time": 1774643136488, "price": 65915.44, "qty": 8e-05, "side": "buy"}, {"id": 6160125213, "time": 1774643136488, "price": 65915.44, "qty": 8e-05, "side": "buy"}, {"id": 6160125214, "time": 1774643136488, "price": 65915.44, "qty": 8e-05, "side": "buy"}, {"id": 6160125215, "time": 1774643136488, "price": 65915.44, "qty": 8e-05, "side": "buy"}, {"id": 6160125216, "time": 1774643136488, "price": 65915.44, "qty": 8e-05, "side": "buy"}, {"id": 6160125217, "time": 1774643136488, "price": 65915.44, "qty": 8e-05, "side": "buy"}, {"id": 6160125218, "time": 1774643136488, "price": 65915.44, "qty": 8e-05, "side": "buy"}, {"id": 6160125219, "time": 1774643136501, "price": 65915.74, "qty": 8e-05, "side": "buy"}, {"id": 6160125220, "time": 1774643136501, "price": 65915.74, "qty": 8e-05, "side": "buy"}, {"id": 6160125221, "time": 1774643136501, "price": 65915.74, "qty": 8e-05, "side": "buy"}, {"id": 6160125222, "time": 1774643136501, "price": 65915.74, "qty": 8e-05, "side": "buy"}, {"id": 6160125223, "time": 1774643136501, "price": 65915.74, "qty": 8e-05, "side": "buy"}, {"id": 6160125224, "time": 1774643136501, "price": 65915.74, "qty": 8e-05, "side": "buy"}, {"id": 6160125225, "time": 1774643136501, "price": 65915.74, "qty": 8e-05, "side": "buy"}, {"id": 6160125226, "time": 1774643136501, "price": 65915.74, "qty": 8e-05, "side": "buy"}, {"id": 6160125227, "time": 1774643136501, "price": 65915.74, "qty": 8e-05, "side": "buy"}, {"id": 6160125228, "time": 1774643136501, "price": 65915.74, "qty": 8e-05, "side": "buy"}, {"id": 6160125229, "time": 1774643136501, "price": 65915.74, "qty": 0.00015, "side": "buy"}, {"id": 6160125230, "time": 1774643136501, "price": 65915.74, "qty": 0.00655, "side": "buy"}, {"id": 6160125231, "time": 1774643137060, "price": 65915.74, "qty": 8e-05, "side": "buy"}, {"id": 6160125232, "time": 1774643137060, "price": 65915.74, "qty": 8e-05, "side": "buy"}, {"id": 6160125233, "time": 1774643137060, "price": 65915.74, "qty": 8e-05, "side": "buy"}, {"id": 6160125234, "time": 1774643137060, "price": 65915.74, "qty": 8e-05, "side": "buy"}, {"id": 6160125235, "time": 1774643137060, "price": 65915.74, "qty": 0.00015, "side": "buy"}, {"id": 6160125236, "time": 1774643137060, "price": 65915.74, "qty": 8e-05, "side": "buy"}, {"id": 6160125237, "time": 1774643137060, "price": 65915.74, "qty": 8e-05, "side": "buy"}, {"id": 6160125238, "time": 1774643137060, "price": 65915.74, "qty": 8e-05, "side": "buy"}, {"id": 6160125239, "time": 1774643137060, "price": 65915.74, "qty": 8e-05, "side": "buy"}, {"id": 6160125240, "time": 1774643137060, "price": 65915.74, "qty": 8e-05, "side": "buy"}, {"id": 6160125241, "time": 1774643137060, "price": 65915.74, "qty": 8e-05, "side": "buy"}, {"id": 6160125242, "time": 1774643137060, "price": 65915.74, "qty": 8e-05, "side": "buy"}